4700 5809
421 517 712 638 onsrtouvst
740 520 1073 598 nnitosrtinins
1106 516 1247 596 cono.
1277 510 1420 594 'sistri
1470 482 1814 609 trisingum.
1865 463 1925 603 aa

351 657 430 803 [ue
444 709 590 809 epistolis
604 673 777 786 Detuossls.
794 709 867 784 vide
881 707 974 808 supra
989 709 1064 784 Lib.
1074 707 1116 784 ll.
1131 709 1213 808 e.'X.
1239 733 1290 780 nr.
1300 731 1341 799 15
1375 651 1457 786 Vol,
1468 711 1492 780 l.
1511 734 1585 809 pag.
1602 715 1674 790 682
1692 679 1732 782 ¹et
1744 695 1920 806 qoor‘citat
2022 771 2028 781 ,

200 809 332 910 Tnysor.
347 815 650 915 iriprolegoinenis
663 812 704 886 ad
718 813 991 907 Demosthenem,
1013 813 1183 888 a'Reisltio
1198 809 1303 895 editis,
1324 815 1359 882 in
1374 813 1551 886 volvus.
1565 833 1735 887 oratonmi
1745 828 1857 909 graec.
1881 832 1919 905 p·
1941 901 1945 909 1
2035 835 2043 842 ·

194 937 269 1006 724.
294 912 700 1034 Demosthenisepillolae
717 921 858 990 citantur
870 923 907 990 iii
924 937 1028 990 vetere
1042 913 1150 990 lexico
1164 913 1245 1001 bibl.
1264 913 1405 988 Coirlio.
1430 941 1508 1016 pag.
1522 930 1596 1012 483.
1621 914 1742 1006 Harl]
1763 1007 1773 1012 g
1831 997 1834 1000 ,
1895 967 1901 973 -
2034 921 2040 928 “

364 1193 377 1218 ,
533 1095 539 1100 ’
659 1077 928 1197 cissis'srsnr
951 1121 983 1192 a
1007 1120 1177 1194 nasim.
1198 1076 1430 1216 omitum.

274 1359 277 1366 ,
293 1275 450 1372 [Codices
465 1303 568 1353 manu
582 1301 730 1355 eramtos
742 1282 928 1384 permultos
943 1302 1016 1357 tuni
1025 1281 1267 1369 Demosthenis,
1281 1301 1354 1356 tum
1367 1275 1545 1367 Aeschinis,
1571 1285 1629 1383 qui
1639 1279 1713 1382 poll
1725 1277 1919 1354 mortemin

193 1382 308 1486 pluteis
324 1380 510 1488 scriniisque
523 1389 784 1481 coniunt‘h‘ores,
815 1413 917 1488 quani
938 1382 1229 1473 invitamentis,
1254 1391 1322 1459 iam
1342 1385 1552 1460 contulerunt
1575 1405 1703 1488 praeter
1723 1387 1920 1460 Manutiunt

192 1507 225 1560 et
243 1487 427 1561 Morelium
448 1483 489 1559 ad
511 1483 690 1561 editionem
711 1491 936 1578 Lutetianam,
962 1481 1106 1594 Taylor.
1123 1467 1283 1575 Reislt.¹et
1296 1495 1417 1592 Auget.
1468 1493 1654 1562 Praeterea
1667 1485 1813 1583 Taylor.
1835 1512 1921 1587 quo·

190 1607 411 1692 rumctimque
425 1593 578 1690 notitiam
592 1597 866 1669 intricationem
881 1587 1021 1687 nancisci
1035 1597 1160 1690 potuit,
1189 1615 1246 1666 eos
1268 1617 1383 1665 omnes
1406 1585 1550 1664 recenset
1563 1595 1596 1663 in
1614 1590 1869 1688 prolegomenis
1889 1583 1918 1663 s

188 1697 299 1796 potius
314 1693 455 1766 illorum
467 1688 680 1793 fragmentis,
704 1721 788 1796 quae
806 1697 915 1771 Reisk.
935 1693 1008 1796 poll
1029 1692 1117 1769 illius
1140 1715 1290 1768 mortem
1308 1693 1409 1769 edidit
1430 1698 1466 1765 in
1479 1695 1547 1768 rol.
1562 1692 1650 1766 Vlll.
1665 1714 1791 1766 orator.
1804 1717 1931 1789 graec..
2018 1687 2029 1718 ⁸

189 1821 268 1897 pag.
283 1800 489 1891 697—706.
541 1799 654 1870 Paucis
667 1801 784 1898 igitur,
808 1825 851 1872 ne
870 1789 944 1872 'otio
962 1817 994 1872 et
1007 1800 1121 1870 charta
1138 1799 1334 1885 abutamur,
1358 1798 1452 1869 nobis
1469 1793 1639 1896 expedire,
1659 1814 1711 1883 et,
1735 1821 1818 1896 qnos
1835 1791 1917 1867 scire
1952 1887 1956 1891 ‚

190 1903 300 1987 iuuat,
324 1904 415 1973 cuius
428 1900 538 1971 aetatis
553 1917 586 1972 et
598 1921 680 2000 quot
695 1920 727 1976 et
740 1925 819 2002 quas
836 1907 999 1976 orationes
1020 1897 1140 2002 singuli
1155 1899 1440 2002 comprehendant
1452 1898 1601 1986 codices,
1629 1925 1686 1971 eos
1706 1895 1748 1970 ad
1767 1903 1916 1990 triupiui·
1937 1905 1940 1912 “

169 2027 243 2102 χοε
267 2000 342 2074 illos
365 1999 515 2075 laudatos
536 2002 687 2102 ablegare
705 2004 794 2078 licet.
844 2005 938 2106 Qos
959 2001 1056 2080 codd.
1074 2001 1224 2092 Parilin.,
1257 2009 1312 2104 qui
1335 2006 1414 2077 odo
1435 1995 1589 2090 suerunt,
1626 1998 1773 2074 adhibuit
1798 2005 1914 2073 More.

188 2103 269 2192 lius,
298 2131 355 2182 eos
380 2103 524 2198 Taylor.
546 2099 737 2206 inpraesat.
759 2103 800 2180 ad
824 2107 1000 2184 Demosth.
1022 2101 1356 2189 tom.‚111.recenset.
1403 2109 1591 2178 Praeterea
1608 2103 1664 2177 ille
1678 2101 1799 2176 ibidem
1814 2100 1916 2176 codd.
1953 2165 1968 2184 ,

188 2207 416 2295 Pannonium,
451 2209 621 2308 exemplar
642 2205 854 2283 admirandae
878 2211 1058 2296 retullatis',
1083 2227 1115 2282 et
1129 2209 1371 2308 Auguslanunu
1393 2209 1539 2308 quorum
1562 2207 1721 2281 sessiones
1744 2208 1914 2298 Hierony·
2004 2219 2010 2233 ⁸

55 2323 57 2330 '
106 2326 115 2337 ‘
187 2335 262 2382 nius
278 2308 425 2384 Wolfius
439 2307 574 2400 adtulit,
598 2331 632 2384 et
645 2335 722 2400 eos,
747 2313 900 2414 equibus
911 2308 978 2412 ipse
990 2311 1135 2405 Taylor.
1158 2307 1327 2399 hauserat,
1361 2331 1416 2384 aut
1435 2310 1602 2400 lectiones
1617 2328 1798 2408 acceperat,
1819 2307 1917 2418 sall?-

184 2411 221 2484 lo
239 2407 346 2488 fufius.
359 2409 517 2486 describit.
568 2411 631 2487 Sed
647 2413 875 2506 Tayloriaiiae
896 2435 1008 2488 tamen
1030 2411 1210 2489 recensioni
1234 2419 1439 2487 mentionem
1463 2409 1707 2486 nonnullorum
1728 2430 1913 2486 mastonem

185 2511 387 2602 adiiciemus,
413 2533 445 2588 et
457 2515 598 2588 breuiter
612 2517 877 2590 enumerabimus
897 2515 1046 2606 codices,
1064 2521 1097 2589 in
1114 2513 1249 2590 disertis
1261 2515 1462 2589 bibliothecis
1476 2515 1634 2624 taenio.

285 2702 406 2774 Romae
425 2705 460 2774 in
480 2699 630 2776 biblioth.
644 2707 800 2778 Vaticana
822 2720 855 2776 et
877 2701 959 2776 olim
984 2708 1117 2804 reginae
1138 2687 1291 2791 Sueelae,
1317 2699 1425 2775 modo
1447 2699 1577 2802 plures,
1604 2697 1712 2776 modo
1737 2703 1912 2799 panciores

186 2807 350 2878 orationes
368 2825 400 2878 et
414 2803 567 2905 epillolae
583 2807 711 2879 iunslae
723 2803 896 2898 Demosth.
909 2801 1126 2894 etnescbtiin,
1144 2803 1309 2880 interdum
1322 2784 1452 2878 scholiis
1468 2804 1612 2905 llipatae,
1629 2809 1728 2877 etiam
1744 2799 1915 2878 versones
2051 2890 2055 2894 Α

185 2905 622 3007 quarumdam-orationum,
637 2935 738 2981 manu
752 2931 911 2997 exaratae,
927 2907 1163 3000 cullodiuritur.
1205 2909 1433 3003 Taylorianae
1447 2911 1653 2996 hottinger
1667 2899 1908 2980 Montfaucon.
2007 2987 2011 2995 .

184 3009 338 3083 llibliotli.
362 3051 412 3066 -
439 3029 618 3083 trisstotuin
644 3011 791 3096 haullae,
821 3009 920 3094 addas
941 3015 961 3084 ¹a
981 3040 1036 3085 me
1056 3011 1090 3083 in
1110 3013 1303 3111 Prolegoin.
1321 3007 1573 3102 introdudlionis
1599 3015 1634 3082 in
1656 3007 1768 3082 hislor.
1792 3010 1830 3081 L.
1846 3011 1922 3081 Gr..
1944 3037 1953 3048 ¹

185 3108 260 3185 edit.
274 3117 315 3184 ll.
332 3137 407 3210 pag.
423 3117 472 3186 61.
487 3134 691 3186 memoratos
703 3111 798 3187 codd.
817 3119 850 3185 iii
865 3115 1011 3188 biblioth.
1029 3117 1229 3201 Barbarion,
1253 3119 1303 3206 (in
1315 3140 1379 3214 qua
1393 3119 1493 3186 etiam
1510 3107 1654 3186 seruatur
1674 3109 1908 3184 Deniollhenia

183 3213 284 3288 editio
299 3239 385 3308 1549.
400 3227 431 3299 8.
446 3243 522 3310 cuin
536 3221 624 3288 notis
637 3223 769 3311 nostin)
784 3223 948 3290 variatum
961 3231 1057 3291 ora'tt.
1071 3214 1259 3305 Aeschinis,
1282 3215 1515 3290 Demolllienis
1533 3237 1614 3288 orat.
1637 3212 1679 3287 de
1702 3241 1825 3305 corona
1834 3265 1845 3298 ,
1863 3218 1908 3284 ·it.
1964 3223 1968 3228 ’

182 3316 414 3418 delegatione.
438 3359 489 3374 -
511 3323 544 3390 in
559 3319 902 3416 biblioth-Argolico,
926 3319 1103 3394 Demoslh.
1117 3325 1225 3393 vanae
1238 3337 1336 3394 oratt.
1361 3355 1410 3375 ···
1431 3324 1466 3390 io
1486 3318 1632 3392 biblioth.
1651 3312 1915 3414 01939991)εῇ

84 3459 95 3469 ·
180 3419 306 3496 mollh.
323 3441 420 3494 oratt.
436 3414 667 3514 Olynthiacae.
1652 3443 1656 3453 ’

279 3610 463 3683 Florentiae
483 3615 518 3682 in
540 3610 689 3686 biblioth.
710 3615 862 3686 Laurent.
891 3607 969 3684 telle
991 3611 1168 3708 Boudeia,
1200 3630 1285 3688 toni.
1302 3611 1326 3703 l.
1344 3609 1427 3711 plur.
1442 3609 1496 3684 lX.
1517 3602 1592 3680 cod.
1615 3608 1715 3682 XXX.
1736 3599 1914 3699 Demojtt:

181 3727 279 3786 oratt.
294 3729 356 3784 tres
371 3711 599 3806 olynthiacae,
624 3721 733 3816 prima
746 3715 852 3818 philip
878 3719 925 3786 ica
943 3734 975 3788 et
989 3712 1030 3789 de
1043 3741 1179 3791 corona.
1200 3755 1254 3770 ··-
1278 3716 1359 3815 p'lut.
1374 3719 1430 3784 lV.
1450 3711 1525 3785 cod.
1540 3714 1661 3782 xxiv.
1679 3735 1758 3808 pag.
1771 3731 1844 3797 547.
1869 3716 1913 3778 et‘

51 3847 52 3850 ¹
180 3811 258 3886 cod.
274 3817 419 3886 XXXlll.
437 3843 467 3913 p.
485 3841 551 3909 555.
565 3817 737 3892 Deinostti.
755 3837 838 3894 orat.
851 3743 1006 3892 sunehris.
1034 3859 1083 3875 ···
1110 3841 1193 3892 tom.
1210 3819 1249 3888 ll.
1273 3817 1355 3919 plut.
1364 3819 1453 3894 LVl·
1469 3813 1543 3890 cod·
1558 3816 1611 3886 m·
1634 3839 1664 3912 P·
1678 3834 1754 3906 299·
1778 3806 1913 3908 f‘ffgmt'
1992 3859 1998 3868 ·

180 3935 264 3989 orat.
278 3913 499 3994 Demosthde
509 3915 588 3993 salsa
603 3921 786 4020 legatione,
811 3921 894 4022 plut.
909 3923 997 3996 LlX.
1007 3919 1085 3995 cod.
1102 3925 1159 3994 Ν.
1174 3937 1252 4023 pag.
1268 3945 1337 4015 49ο
1352 3913 1396 4020 sq.
1416 3913 1519 3992 sedec.
1537 3938 1632 3990 oiatt.
1646 3912 1822 3988 Demollh.
1834 3991 1838 3996 f
1848 3951 1899 3968 ·-

180 4015 254 4092 eod.
271 4021 358 4088 vttt.
375 4047 407 4118 p.
423 4042 498 4112 494.
515 4043 608 4097 oratt.
623 4051 676 4118 29.
706 4067 754 4082 -
769 4022 852 4098 eod.
870 4027 925 4099 itt.
943 4052 978 4126 p.
991 4029 1070 4119 496.
1085 4021 1162 4099 odio
1177 4043 1365 4100 matteum
1381 4018 1523 4096 scholiis.
1551 4059 1604 4074 ···
1629 4015 1702 4090 cod.
1718 4017 1757 4089 X.
1778 4017 1820 4086 ib.
1844 4041 1902 4086 ao.

179 4141 275 4196 oratt.
290 4121 463 4196 Demollh.
488 4165 539 4178 -
563 4123 645 4224 plut.
659 4131 739 4200 LlX.
759 4125 834 4202 cod.
851 4127 937 4201 XIX.
954 4155 990 4228 p.
1005 4134 1072 4221 536.
1089 4129 1186 4202 oratr.
1200 4149 1246 4215 23.
1264 4153 1341 4201 cum
1357 4127 1481 4200 Libaiiii
1492 4126 1693 4221 argumentis
1715 4140 1746 4193 et
1766 4116 1902 4216 leiani

177 4228 215 4298 in
230 4219 351 4323 septem
367 4228 632 4302 enarrationibus.
658 4269 711 4283 —
736 4231 808 4304 cod.
825 4235 926 4305 XXV.
941 4257 1016 4330 pag.
1035 4253 1105 4322 544.
1128 4251 1223 4304 oratt.
1237 4251 1280 4302 21·
1303 4253 1335 4303 et
1356 4235 1413 4304 vt.
1434 4228 1521 4328 epill.
1545 4218 1722 4300 Demoslli.
1742 4260 1794 4278 -
1822 4216 1901 4291 cod·

177 4330 315 4402 xxvii.
331 4357 363 4427 p.
378 4333 451 4421 546.
468 4347 563 4404 oratt.
581 4355 625 4421 17·
645 4357 723 4406 cuin
738 4335 861 4406 tiberii
875 4336 1089 4431 hrgunseiitis.
1113 4343 1161 4388 ‘·-
1188 4329 1264 4404 cod.
1280 4333 1397 4417 XXlX,
1413 4358 1446 4429 p.
1458 4353 1527 4421 549.
1545 4347 1609 4399 tres
1624 4344 1723 4398 oratt.
1743 4349 1796 4377 ···-
1821 4317 1894 4391 rod·

176 4431 328 4504 XXXIX.
342 4459 373 4531 p.
389 4455 451 4523 571.
467 4430 582 4506 deceni
599 4453 693 4507 oratt.
720 4473 768 4490 ···
796 4433 874 4508 eod.
886 4439 968 4508 ΧΠ.
985 4456 1047 4510 tres
1063 4455 1158 4507 oratt.
1174 4433 1352 4506 Denioslh.
1369 4454 1427 4487 ···-³
1452 4425 1528 4504 co‘d.
1543 4432 1656 4502 stus.
1670 4426 1702 4528 p'.
1718 4447 1790 4516 521.
1813 4437 1908 4495 orari
2168 4468 2181 4516 .‘

176 4531 220 4606 de
242 4529 323 4606 salsa
345 4534 512 4632 legatione
535 4559 648 4612 contra
672 4531 879 4612 Aeschinem.
912 4579 964 4593 ···
996 4535 1072 4612 ibid.
1088 4535 1161 4610 eod.
1180 4539 1310 4608 xtvtt.
1330 4530 1454 4633 septeni
1477 4551 1570 4606 otatt.
1586 4528 1766 4634 hemoth.
1782 4565 1834 4586 ····
1854 4530 1894 4594 ἦ]

113 4655 119 4660 ·
174 4638 243 4708 voi.
259 4640 313 4709 iii.
327 4637 412 4736 pius.
426 4641 495 4711 xe.
514 4667 547 4737 p.
564 4665 633 4734 4¹9·
650 4637 722 4714 cot.
738 4642 937 4715 trimma.
954 4639 1080 4714 deceni
1105 4679 1157 4696 -
1182 4635 1350 4714 nid.c0d.
1369 4641 1465 4710 ixit
1487 4629 1802 4736 amovendis
1819 4626 1900 4717 inc)-

159 4743 260 4811 'o'rat
282 4743 397 4832 contra
419 4737 687 4840 Ctesiphontem,
709 4764 742 4816 et
758 4739 983 4843 fragmentum
1008 4765 1090 4842 orat.
1115 4741 1157 4813 de
1181 4766 1316 4815 eortina.
1376 4745 1504 4812 citatur
1521 4761 1653 4838 quoque
1668 4732 1896 4808 nemesium·
1975 4780 1980 4796 ι

171 4838 276 4916 floril.
296 4837 426 4914 sentent.
446 4865 527 4918 toiri.
543 4848 565 4916 l.
582 4873 658 4946 pag.
675 4869 743 4937 253.
758 4866 883 4921 etcum
897 4841 1053 4921 Aeschine
1068 4845 1193 4918 in-viol.
1208 4837 1357 4944 compos
1373 4839 1448 4914 ibid.
1462 4866 1539 4942 pag.
1556 4862 1633 4931 549.
1657 4877 1706 4892 ···
1734 4835 1895 4930 AEfisiint't

171 4945 330 5044 epillolae
347 4949 404 5015 IV.
422 4951 454 5016 in
469 4945 533 5019 vol.
553 4951 591 5021 Π.
609 4975 682 5048 pag.
697 4974 760 5041 35¹·
776 4977 825 5021 nr.
844 4975 889 5044 ¹9·
905 4969 968 5023 tres
983 4971 1075 5022 oratr.
1091 4961 1168 5021 cuni
1186 4943 1315 5020 scholiis
1331 4945 1406 5020 ibid.
1422 4972 1494 5045 pag.
1511 4965 1581 5032 423.
1601 4951 1694 5024 nn&
1717 4960 1749 5011 et
1766 4966 1799 5038 p·
1818 4959 1891 5026 tta·

167 5074 221 5124 nr.
235 5073 267 5142 3.
292 5087 345 5108 ···
370 5045 614 5126 diademare
633 5049 881 5155 Cresphontem
904 5053 1105 5154 etapologia
1130 5049 1173 5125 de
1193 5047 1320 5154 perside
1341 5052 1428 5124 obita
1448 5047 1489 5122 ad
1513 5046 1705 5148 sliilipponi
1715 5041 1897 5142 legatione,

1810 5162 2031 5224 grimm
