4700 5809
971 488 1243 606 sotflocbts'
1367 512 1370 520 '
1464 490 1825 612 (hartexlsrl.
1902 532 1961 599 225

247 716 342 776 nam;
368 676 441 795 para
457 682 795 787 ll.,comprehendens
806 706 954 760 veterum
973 691 1268 785 grammaticorum
1282 685 1404 763 scholia
1421 686 1616 791 editorisque
1628 712 1722 764 notas
1741 698 1773 763 in
1794 692 1865 767 illa‘s
1887 719 1965 796 qna·
2092 711 2095 715 ’
2191 769 2194 782 ,

246 814 322 865 tuor
336 790 536 887 tragoedias,
561 797 651 883 ¹78⁶-
677 816 708 879 4.
735 826 788 847 -ea
813 791 879 863 vol.
898 794 937 861 11.
955 796 1061 891 prima
1076 820 1151 893 pars
1165 794 1292 867 exhibet
1305 800 1457 880 Aiacem,
1485 788 1703 880 Philosletrn,
1728 796 1903 875 Electram,
1931 820 1963 873 et

248 894 429 969 serlioneni
444 894 575 966 illarum
592 914 700 993 tragg.
712 892 867 966 latinatns
882 893 981 965 altera

246 1006 325 1071 toris
346 1020 440 1070 notas
460 1004 494 1067 in
517 996 588 1069 illas
612 1017 718 1097 tragg.
769 1000 884 1070 Tertia
897 1024 970 1098 pars
983 922 1164 1099 ssppeditat
1179 996 1629 1100 deperditarum'dramatum
1644 996 1847 1098 fragmenta,
1871 1008 1963 1077 Lexi-
2035 1013 2042 1025 '

247 1129 322 1197 con,
335 1102 567 1202 Sophocleum
584 1124 616 1174 ct
638 1100 770 1174 indices.
810 1108 987 1199 Argentor.
1015 1106 1128 1192 1786„

303 1288 310 1297 .
347 1204 435 1305 Qid
452 1211 485 1289 in
502 1202 694 1303 colligendis
713 1202 961 1305 digerendisque
977 1198 1171 1303 fragmentis
1188 1201 1397 1304 praestiterit,
1421 1224 1454 1277 et
1474 1231 1557 1304 quos
1579 1204 1677 1280 codd.
1694 1202 1868 1296 Parisinus,
1894 1217 1964 1310 qui·
2052 1286 2058 1296 ,

247 1308 305 1381 bus
324 1304 450 1381 accessit
463 1308 685 1407 huguslanus,
710 1327 760 1395 ct,
783 1298 882 1407 quem
909 1312 1087 1381 Brunckius
1111 1302 1177 1409 ipse
1199 1305 1356 1407 possidet,
1382 1300 1616 1402 bombycinus,
1641 1315 1813 1383 continens
1829 1300 1965 1387 Aiacem

141 1489 151 1503 ,
246 1433 279 1485 ct
299 1413 484 1498 Eledlram,
508 1408 709 1496 adhibuerit,
735 1417 802 1482 iarn
820 1407 916 1511 supra
940 1410 1090 1491 vidimus.
1139 1414 1226 1482 Eum
1244 1434 1427 1515 praeterea,
1455 1412 1567 1485 relitia
1590 1416 1740 1485 Turnebi
1764 1414 1964 1506 recensione,
2019 1430 2024 1443 '

204 1515 206 1526 '
245 1513 400 1589 hldinam
421 1517 598 1589 ledlionem
623 1509 805 1605 reuocasse,
835 1516 1055 1615 crebroquce
1084 1512 1179 1589 codd.
1204 1536 1259 1589 aut
1285 1520 1406 1615 ingenii
1433 1542 1499 1615 ope
1520 1512 1723 1605 emendasse,
1754 1516 1867 1593 itidem
1896 1526 1963 1600 iam

227 1616 547 1692 ,attimaduertimun
600 1620 849 1711 hTyrwhitto
868 1638 901 1691 et
923 1646 987 1691 van
1008 1618 1125 1693 Eldick
1146 1616 1445 1719 accepit'quasdarn
1469 1618 1739 1711 emendationes,
1765 1621 1828 1692 alia
1851 1644 1962 1698 autern
2025 1680 2031 1687 -

177 1738 186 1745 ‘
245 1716 380 1794 subsidia
395 1750 413 1793 a
430 1720 644 1795 Valckenario
660 1744 692 1794 et
707 1723 918 1795 Ruhnkenio:
970 1722 1100 1795 Scholia
1113 1728 1242 1819 repetiit
1257 1749 1295 1793 ex
1310 1718 1451 1793 editione
1465 1739 1619 1794 romana:
1646 1728 1695 1792 his
1716 1718 1846 1797 subiecit
1867 1754 1900 1797 ru
1915 1756 1962 1801 rn-

235 1826 325 1899 ·fima
346 1830 466 1924 pagina
487 1829 607 1925 partim
629 1852 685 1911 ea,
719 1852 802 1925 quac
821 1829 1156 1899 hntorriusFracinus
1176 1830 1211 1897 in
1231 1824 1307 1898 edit.
1331 1823 1518 1897 Florentino
1540 1817 1735 1911 immiscuit,
1766 1834 1887 1926 partim
1914 1859 1962 1920 ea,

247 1956 329 2029 quae
340 1932 494 1999 Thomas
512 1922 655 1999 lobnson
671 1956 689 2001 e
703 1916 868 2000 codicibus
887 1933 921 1999 in
941 1948 1003 2000 tres
1020 1924 1145 2001 fabulas
1160 1932 1315 2007 Aiacem,
1340 1927 1506 2001 Elcslram
1528 1948 1560 2000 et
1576 1926 1742 2028 Oedipum
1762 1956 1876 2029 regem
1897 1933 1962 2006 edi.
2075 1994 2078 1999 .

1020 920 1070 966 ars
1083 903 1231 969 continet
1243 918 1388 969 veterum
1406 897 1699 995 grammaticorum
1717 894 1838 972 scholia
1851 923 1882 971 et
1896 900 1963 973 edi·
2095 910 2099 915 ’
2147 917 2150 925 ’
2203 882 2206 890 ¹

246 2030 348 2117 derat,
364 2036 485 2131 partim
501 2026 614 2129 ipsein
630 2024 694 2103 suis
708 2052 870 2131 repererat
883 2030 1059 2118 codicibus,
1074 2052 1105 2103 et
1120 2058 1203 2133 qnae
1219 2031 1373 2131 pleraq*
1389 2057 1452 2130 pro
1467 2028 1578 2129 glossis
1597 2038 1679 2103 inter
1693 2052 1801 2103 textus·
1811 2037 1911 2108 lineas
1928 2044 1963 2110 in
2085 2050 2089 2055 “

195 2192 197 2199 Α
246 2134 412 2228 codicibus
426 2128 541 2235 scripta
557 2128 640 2206 sunt.
692 2137 851 2207 Demetrii
866 2156 975 2207 autem
989 2135 1143 2207 Triclinii
1161 2130 1444 2220 scholiaseorsum
1464 2132 1581 2222 edidit,
1605 2134 1831 2235 praetermissis
1853 2146 1962 2213 metri.

246 2244 306 2321 cis,
331 2259 367 2311 vt
383 2242 517 2338 ineptis,
542 2256 572 2309 et
586 2240 677 2308 tertia
688 2259 800 2338 parte,
824 2264 888 2339 qua
902 2232 1065 2311 schemata
1080 2236 1305 2319 declarantur,
1329 2260 1361 2327 et
1378 2264 1477 2336 quarn
1491 2238 1593 2337 longe
1608 2244 1760 2311 omniurn
1780 2238 1901 2315 iudicat
1915 2248 1962 2316 in.

229 2336 459 2415 sulsrssimam.
510 2342 603 2436 Qae
617 2342 794 2413 Turnebus
810 2346 843 2411 in
857 2338 1025 2437 Oedipum
1048 2340 1283 2440 posteriorem,
1309 2347 1343 2411 in
1362 2344 1558 2411 Trachinins
1574 2362 1606 2413 et
1620 2342 1835 2415 Philodletam
1855 2343 1963 2419 edide-

246 2466 314 2531 rat,
335 2454 448 2517 earum
462 2440 645 2515 admodum
659 2470 795 2543 paucas,
821 2444 997 2539 existimat,
1019 2440 1082 2517 esse
1095 2442 1250 2515 Triclinii
1264 2462 1376 2530 notas,
1400 2438 1454 2514 sed
1469 2436 1537 2541 ipsa
1558 2437 1681 2537 scholia
1703 2450 1852 2544 antiqua,
1878 2476 1962 2523 non·

246 2546 343 2619 nullis
357 2554 390 2619 in
404 2548 484 2621 locis
501 2546 649 2643 pleniora
662 2566 694 2619 et
707 2542 948 2634 emendatiora,
974 2560 1074 2647 quarn
1091 2552 1125 2619 in
1141 2545 1283 2619 editione
1295 2572 1451 2617 romana:
1476 2550 1512 2622 in
1525 2543 1639 2618 codice
1651 2572 1783 2660 guoque
1802 2555 1894 2647 regio
1911 2580 1961 2625 ca.

245 2652 298 2724 tal
315 2652 521 2724 MMDCCX
527 2654 550 2724 l.
567 2650 721 2723 Triclinii
737 2647 856 2723 scholia
873 2650 913 2721 ab
932 2656 1070 2749 antiquis
1081 2643 1253 2750 p'crspicue
1266 2646 1412 2722 distincta
1426 2644 1510 2727 sunt,
1526 2654 1569 2720 ita
1582 2667 1617 2720 vt
1630 2646 1789 2722 confundi
1803 2679 1873 2722 non
1889 2650 1961 2751 pos-

183 2806 190 2816 ·
244 2742 325 2843 sint,
350 2751 438 2853 quod
456 2748 969 2851 secussuissellnmckiovidetnr
988 2758 1022 2824 in
1043 2780 1103 2841 eo,
1128 2778 1228 2853 quern
1246 2753 1422 2824 Tumebns
1443 2753 1555 2823 naslu's
1576 2750 1631 2825 est.
1681 2750 1961 2853 lnhlsgem.l.it.

245 2878 334 2931 terat.
350 2860 429 2929 Zeit.
444 2884 497 2931 an.
516 2862 605 2947 1736.
619 2857 708 2957 plag.
724 2864 790 2930 216.
800 2858 954 2928 Brunchii
969 2878 1067 2930 notae
1083 2862 1120 2927 in
1134 2855 1349 2930 Philocletem
1373 2862 1406 2926 in
1426 2860 1540 2953 primis
1561 2858 1798 2928 examinantur.

252 2970 253 2973 ’
347 2958 448 3061 Qud
464 2964 544 3032 nero
561 2959 647 3033 illius
661 2959 810 3033 editionis
826 2964 939 3031 caritas
955 2959 1079 3033 multos
1093 2964 1249 3033 tenuioris
1263 2957 1459 3033 conditionis
1471 2955 1646 3032 deterreret
1658 2960 1698 3029 ab
1712 2958 1799 3033 illius
1812 2953 1880 3048 vsu,
1901 2966 1962 3034 mi·

245 3089 385 3147 norem,
410 3066 546 3139 tractatu
560 3058 695 3139 facilem
717 3090 779 3136 nec
798 3058 1024 3163 splendidam,
1055 3062 1196 3164 ideoque
1215 3046 1302 3136 haud
1320 3062 1403 3135 adeo
1418 3086 1543 3160 magno
1561 3060 1741 3161 parabilem
1754 3062 1870 3137 excudi
1883 3060 1971 3169 fecit]

93 3236 98 3243 .
243 3168 381 3241 Brunck.
511 3227 521 3237 .

344 3283 505 3381 Sophoclis
521 3284 834 3384 tragoediaesrptrm
848 3234 1097 3377 adoptianorum
1119 3283 1342 3372 exemplarium
1348 3276 1449 3372 fidem
1463 3281 1659 3354 atriensium,
1685 3304 1763 3350 runs·
1774 3282 1910 3377 urrysonc
1923 3266 1963 3357 'rt
2025 3296 2029 3299 ’

173 3441 176 3445 -
244 3395 346 3483 notis,
367 3415 406 3461 cx
428 3392 562 3461 editione
583 3392 674 3462 Rich.
692 3394 807 3483 Fruar,
820 3390 904 3459 Phil.
923 3388 1063 3457 Breuci.
1103 3390 1332 3482 Argentorati,
1357 3387 1440 3454 tottii
1464 3385 1488 3453 l.
1511 3384 1552 3451 ll.
1584 3376 1742 3454 sumtibus
1768 3388 1818 3456 10.
1834 3388 1959 3486 Geoeg.
2040 3460 2047 3465 ⁴

243 3492 415 3582 Treutt'el,
441 3498 533 3582 1786·
559 3514 643 3567 t0¹1¹·
661 3494 715 3563 ΠΙ·
743 3497 774 3569 P·
791 3494 814 3563 1·
836 3493 878 3564 Π·
904 3502 992 3582 ¹788'
1020 3502 1052 3572 ε’
1168 3502 1171 3509 ·

346 3602 385 3669 ln
397 3600 510 3697 primo
528 3597 698 3670 volumine
714 3590 787 3668 sunt
800 3591 946 3693 Oedipus
959 3612 1095 3691 vterque
1110 3608 1142 3663 et
1156 3587 1304 3675 Elesira,
1328 3612 1407 3658 curn
1421 3582 1568 3659 ver-sione
1580 3584 1679 3658 latina
1693 3597 1787 3685 (pag.
1802 3610 1863 3677 243
1876 3584 1959 3691 sqq.)
2008 3625 2011 3632 ⁴

245 3722 367 3775 etcum
382 3704 468 3772 notis
482 3702 622 3774 llrunck.
646 3702 736 3800 (pag.
752 3703 811 3786 363
829 3692 914 3797 sqq.)
930 3702 963 3767 in
978 3690 1119 3767 secundo
1135 3692 1279 3793 reliquae
1292 3712 1432 3792 quatuor
1448 3715 1525 3761 cum
1539 3685 1687 3762 versione
1703 3691 1758 3763 lat.
1773 3710 1805 3762 ct
1818 3696 1958 3768 lirunclr.

247 3811 351 3896 notis3
371 3800 411 3874 'in
424 3807 518 3899 tertio
534 3823 711 3876 occurrunt
723 3830 757 3903 p.
772 3826 840 3873 1-
850 3826 916 3892 352.
943 3794 1066 3872 scholia
1081 3803 1233 3899 autiqua;
1259 3815 1292 3895 p'.
1309 3818 1363 3885 353
1377 3832 1427 3848 --
1439 3806 1515 3881 480.
1531 3786 1660 3892 sylloge
1674 3798 1960 3896 aaqoeheheptce'·

186 3954 188 3957 ·
247 3942 303 3990 νων
327 3907 484 3986 aanor&
507 3910 677 4004 σκολίων,
702 3907 839 4006 quaein
863 3907 990 4001 maiore
1010 3900 1089 3974 edit.
1107 3904 1247 4000 antiquis
1270 3894 1344 3972 sunt
1362 3892 1589 4070 subs-irataap.
1605 3911 1662 3988 481
1683 3937 1727 3952 -
1740 3904 1816 3991 586.
1837 3894 1959 3977 scholia

245 4016 409 4087 Demetrii
425 4011 589 4083 Triclinii
644 4012 739 4083 Haec
760 4010 924 4105 excipiunt
948 4002 1194 4106 deperditomm
1219 4005 1321 4103 Soph.
1342 3997 1530 4072 dramatum
1568 4018 1736 4098 ragmenta
1759 4020 1792 4073 et
1816 4006 1960 4076 Lexicon

133 4153 141 4162 ·
244 4114 480 4217 Sophocleum.
529 4110 655 4187 Desunt
671 4116 769 4211 igitur
781 4106 878 4183 in'dex
891 4115 925 4182 in
938 4106 1141 4215 Sophoclem
1156 4124 1188 4179 et
1202 4106 1357 4190 elenchus
1372 4090 1614 4203 scriptorurnin
1631 4097 1760 4176 scholiis
1775 4102 1816 4176 ad
1828 4110 1959 4207 Sopho·

101 4212 113 4223 ’
245 4220 331 4294 elem
349 4224 574 4294 excitatorum.
602 4212 753 4313 [hccesfit
766 4240 870 4312 nuper
883 4207 1028 4310 separato
1043 4209 1213 4283 volumine
1230 4207 1351 4294 Index,
1376 4233 1443 4307 quo
1454 4203 1553 4301 editio
1568 4201 1723 4279 informa
1737 4210 1804 4281 oss.
1819 4230 1960 4309 quatuor

158 4362 160 4365 ·
245 4326 324 4399 vols.
343 4321 511 4401 constans,
539 4328 665 4421 primae
682 4319 730 4393 illi
744 4324 780 4389 in
796 4343 825 4406 4.
847 4316 948 4417 plane'
965 4313 1107 4415 aequalis
1129 4311 1285 4387 redditur.
1336 4311 1530 4383 Prodierunt
1547 4317 1644 4383 etiam
1659 4314 1814 4381 Carmina
1830 4316 1959 4411 Sopho·
2057 4405 2063 4411 Ι

159 4487 164 4498 .
245 4428 302 4502 clis
316 4454 354 4499 ex
371 4450 435 4499 rec.
449 4428 587 4501 Brunck.
607 4432 643 4497 in
663 4418 754 4495 vsum
773 4415 961 4493 scholarum
977 4414 1217 4517 diligentissime
1240 4410 1402 4516 expressa,
1427 4413 1504 4485 Hal.
1524 4438 1615 4508 ¹790·
1635 4416 1676 4483 ll.
1693 4411 1772 4485 roll.
1792 4428 1823 4495 8.
1848 4417 1956 4514 Beth]

245 4570 295 4590 ·-
322 4534 471 4629 Denique
486 4533 681 4627 recognocit
693 4522 875 4624 tragoedias
891 4522 1109 4621 Sophoclcas,
1136 4516 1258 4595 scholia
1275 4518 1427 4590 Triclinii
1443 4536 1474 4588 et
1495 4523 1674 4595 recentiora
1689 4512 1797 4587 omisit
1823 4523 1957 4616 receptis

246 4646 374 4708 tantum
395 4634 570 4727 veteribus,
596 4659 677 4731 qnae
693 4621 898 4715 emendauit,
923 4642 954 4699 e't
978 4652 1081 4700 nouas
1095 4622 1261 4800 sguardam
1283 4621 1399 4695 adiecit
1420 4638 1531 4706 notas,
1554 4614 1682 4717 suisque
1711 4613 1866 4691 sumtibus
1887 4646 1955 4710 250.

248 4739 446 4839 exemplaria
467 4735 632 4834 eleganter
651 4729 800 4807 excusae
820 4730 933 4833 praelo
954 4736 1040 4803 exire
1061 4724 1092 4800 iu
1120 4748 1162 4799 rt:
1931 4728 1942 4735 '

1281 4820 1289 4841 b

260 4913 264 4921 -
348 4854 511 4950 Sophoclis
526 4856 709 4949 tragoedias
723 4842 764 4923 ³V
760 4852 811 4924 ss.
827 4874 892 4921 curn
898 4846 1029 4945 scholiis
1045 4843 1222 4925 ueteribus,
1247 4836 1381 4935 unificat
1403 4837 1503 4906 latino
1526 4844 1558 4904 ct
1580 4834 1675 4902 notis.
1724 4833 1889 4905 Accedunt
1909 4791 2002 4906 rie·-
2084 4812 2087 4817 ¹

135 4950 144 4971 ⁸
242 4966 443 5060 perditorum
457 4961 637 5029 dramatum
646 4956 851 5051 fragmento.
901 4954 960 5025 Ex
974 4946 1107 5021 editione
1120 4942 1210 5023 Rich.
1225 4943 1345 5015 Fruar.
1363 4940 1445 5015 Pstis.
1458 4940 1596 5037 Bracari.
1626 4941 1850 5044 Argentorati,
1876 4961 1959 5012 tom.

154 5054 159 5061 “
247 5068 397 5142 1.1r;111.
424 5076 514 5157 1789·
542 5065 665 5147 masa.
1711 5113 1713 5116 ,
1892 5102 1914 5108 ,,

289 5182 415 5254 Vossl.
961 5206 964 5211 ·
1119 5146 1173 5225 ff
1460 5165 1465 5176 '
1862 5148 1961 5217 Noua
