<?xml version="1.0" encoding="UTF-8"?>
<!DOCTYPE html PUBLIC "-//W3C//DTD XHTML 1.0 Transitional//EN"
    "http://www.w3.org/TR/xhtml1/DTD/xhtml1-transitional.dtd">
<html xmlns="http://www.w3.org/1999/xhtml" xml:lang="en" lang="en">
 <head>
  <title>
</title>
<meta http-equiv="Content-Type" content="text/html;charset=utf-8" />
  <meta name='ocr-system' content='tesseract 3.04.00' />
  <meta name='ocr-capabilities' content='ocr_page ocr_carea ocr_par ocr_line ocrx_word'/>
</head>
<body>
  <div class='ocr_page' id='page_1' title='image "./ioannisalbertif01heumgoog/ioannisalbertif01heumgoog_0216.png"; bbox 0 0 4700 5809; ppageno 0'>
   <div class='ocr_carea' id='block_1_1' title="bbox 762 53 1139 113">
    <p class='ocr_par' dir='ltr' id='par_1_1' title="bbox 762 53 1139 113">
     <span class='ocr_line' id='line_1_1' title="bbox 762 53 1139 113; baseline -0.013 0"><span class='ocrx_word' id='word_1_1' title='bbox 762 78 832 113; x_wconf 44' lang='grc' dir='ltr'>’ἣν</span> <span class='ocrx_word' id='word_1_2' title='bbox 875 53 978 109; x_wconf 41' lang='lat' dir='ltr'>“Pir</span> <span class='ocrx_word' id='word_1_3' title='bbox 1071 92 1074 99; x_wconf 86' lang='lat'>·</span> <span class='ocrx_word' id='word_1_4' title='bbox 1135 66 1139 73; x_wconf 82' lang='lat'>&#39;</span> 
     </span>
    </p>
   </div>
   <div class='ocr_carea' id='block_1_2' title="bbox 164 470 1446 579">
    <p class='ocr_par' dir='ltr' id='par_1_2' title="bbox 164 470 1446 579">
     <span class='ocr_line' id='line_1_2' title="bbox 164 470 1446 579; baseline -0.002 -31"><span class='ocrx_word' id='word_1_5' title='bbox 164 548 180 575; x_wconf 87' lang='lat'><strong>.</strong></span> <span class='ocrx_word' id='word_1_6' title='bbox 252 524 256 549; x_wconf 82' lang='grc'>,</span> <span class='ocrx_word' id='word_1_7' title='bbox 386 486 462 579; x_wconf 66' lang='grc' dir='ltr'>Ι138</span> <span class='ocrx_word' id='word_1_8' title='bbox 559 472 633 545; x_wconf 84' lang='lat' dir='ltr'>Lib.</span> <span class='ocrx_word' id='word_1_9' title='bbox 644 472 697 547; x_wconf 82' lang='grc' dir='ltr'>ῙῙ.</span> <span class='ocrx_word' id='word_1_10' title='bbox 712 496 737 547; x_wconf 86' lang='lat' dir='ltr'>t.</span> <span class='ocrx_word' id='word_1_11' title='bbox 750 470 835 547; x_wconf 75' lang='lat' dir='ltr'>XV</span> <span class='ocrx_word' id='word_1_12' title='bbox 830 472 861 547; x_wconf 86' lang='grc' dir='ltr'>Ι.</span> <span class='ocrx_word' id='word_1_13' title='bbox 940 536 945 547; x_wconf 93' lang='lat'>.</span> <span class='ocrx_word' id='word_1_14' title='bbox 1059 472 1122 547; x_wconf 84' lang='lat' dir='ltr'>DE</span> <span class='ocrx_word' id='word_1_15' title='bbox 1154 474 1446 561; x_wconf 76' lang='lat' dir='ltr'>eorrtomuus</span> 
     </span>
    </p>
   </div>
   <div class='ocr_carea' id='block_1_3' title="bbox 43 652 2222 2587">
    <p class='ocr_par' dir='ltr' id='par_1_3' title="bbox 43 652 2222 2587">
     <span class='ocr_line' id='line_1_3' title="bbox 362 652 2115 766; baseline 0.001 -28"><span class='ocrx_word' id='word_1_16' title='bbox 362 668 365 675; x_wconf 87' lang='lat'>&#39;</span> <span class='ocrx_word' id='word_1_17' title='bbox 397 684 479 750; x_wconf 84' lang='lat' dir='ltr'>tem,</span> <span class='ocrx_word' id='word_1_18' title='bbox 497 687 620 762; x_wconf 83' lang='lat' dir='ltr'>magna</span> <span class='ocrx_word' id='word_1_19' title='bbox 633 656 697 735; x_wconf 84' lang='lat' dir='ltr'>suit</span> <span class='ocrx_word' id='word_1_20' title='bbox 710 658 893 740; x_wconf 69' lang='lat' dir='ltr'>auctoritas.</span> <span class='ocrx_word' id='word_1_21' title='bbox 942 663 1058 763; x_wconf 84' lang='lat' dir='ltr'>Neque</span> <span class='ocrx_word' id='word_1_22' title='bbox 1075 660 1215 735; x_wconf 87' lang='lat' dir='ltr'>dubiuni</span> <span class='ocrx_word' id='word_1_23' title='bbox 1231 659 1376 748; x_wconf 87' lang='lat' dir='ltr'>videtur,</span> <span class='ocrx_word' id='word_1_24' title='bbox 1401 652 1574 763; x_wconf 75' lang='lat' dir='ltr'>plenique</span> <span class='ocrx_word' id='word_1_25' title='bbox 1589 660 1727 753; x_wconf 86' lang='lat' dir='ltr'>illorum</span> <span class='ocrx_word' id='word_1_26' title='bbox 1745 665 1919 766; x_wconf 80' lang='lat' dir='ltr'>particulae</span> <span class='ocrx_word' id='word_1_27' title='bbox 1934 660 1999 739; x_wconf 77' lang='lat' dir='ltr'>ell&#39;e</span> <span class='ocrx_word' id='word_1_28' title='bbox 2018 663 2115 739; x_wconf 82' lang='lat' dir='ltr'>iulio-</span> 
     </span>
     <span class='ocr_line' id='line_1_4' title="bbox 343 755 2173 868; baseline 0.002 -27"><span class='ocrx_word' id='word_1_29' title='bbox 343 852 346 861; x_wconf 14' lang='lat' dir='ltr'>p</span> <span class='ocrx_word' id='word_1_30' title='bbox 396 755 475 841; x_wconf 80' lang='lat' dir='ltr'>ruia</span> <span class='ocrx_word' id='word_1_31' title='bbox 495 772 832 854; x_wconf 86' lang='lat' dir='ltr'>connnentariorum,</span> <span class='ocrx_word' id='word_1_32' title='bbox 881 766 973 839; x_wconf 87' lang='lat' dir='ltr'>uibus</span> <span class='ocrx_word' id='word_1_33' title='bbox 993 788 1114 839; x_wconf 79' lang='lat' dir='ltr'>veteres</span> <span class='ocrx_word' id='word_1_34' title='bbox 1135 771 1346 865; x_wconf 86' lang='lat' dir='ltr'>grammatici</span> <span class='ocrx_word' id='word_1_35' title='bbox 1367 760 1570 858; x_wconf 74' lang='lat' dir='ltr'>Aeschylum</span> <span class='ocrx_word' id='word_1_36' title='bbox 1592 767 1676 839; x_wconf 92' lang='lat' dir='ltr'>olim</span> <span class='ocrx_word' id='word_1_37' title='bbox 1690 770 1916 868; x_wconf 65' lang='lat' dir='ltr'><strong>explanarent.</strong></span> <span class='ocrx_word' id='word_1_38' title='bbox 1967 764 2050 841; x_wconf 83' lang='lat' dir='ltr'>Vsus</span> <span class='ocrx_word' id='word_1_39' title='bbox 2068 768 2117 841; x_wconf 86' lang='lat' dir='ltr'>est</span> <span class='ocrx_word' id='word_1_40' title='bbox 2169 838 2173 845; x_wconf 91' lang='lat'>.</span> 
     </span>
     <span class='ocr_line' id='line_1_5' title="bbox 260 793 2146 973; baseline 0.001 -30"><span class='ocrx_word' id='word_1_41' title='bbox 260 946 266 955; x_wconf 68' lang='grc'><strong><em>,</em></strong></span> <span class='ocrx_word' id='word_1_42' title='bbox 399 876 566 947; x_wconf 69' lang='lat' dir='ltr'>victorius</span> <span class='ocrx_word' id='word_1_43' title='bbox 578 876 700 943; x_wconf 86' lang='lat' dir='ltr'>eximio</span> <span class='ocrx_word' id='word_1_44' title='bbox 713 888 802 943; x_wconf 85' lang='lat' dir='ltr'>msto</span> <span class='ocrx_word' id='word_1_45' title='bbox 819 793 948 957; x_wconf 75' lang='lat' dir='ltr'>codice,</span> <span class='ocrx_word' id='word_1_46' title='bbox 973 874 1090 970; x_wconf 90' lang='lat' dir='ltr'>inquo</span> <span class='ocrx_word' id='word_1_47' title='bbox 1105 889 1233 969; x_wconf 82' lang='lat' dir='ltr'>praeter</span> <span class='ocrx_word' id='word_1_48' title='bbox 1245 863 1447 963; x_wconf 76' lang='lat' dir='ltr'>Aeschylum</span> <span class='ocrx_word' id='word_1_49' title='bbox 1463 867 1647 970; x_wconf 77' lang='lat' dir='ltr'>Sophocles</span> <span class='ocrx_word' id='word_1_50' title='bbox 1660 891 1694 943; x_wconf 91' lang='lat' dir='ltr'>et</span> <span class='ocrx_word' id='word_1_51' title='bbox 1707 874 1879 973; x_wconf 85' lang='lat' dir='ltr'>Apollonii</span> <span class='ocrx_word' id='word_1_52' title='bbox 1891 878 2115 973; x_wconf 88' lang='lat' dir='ltr'>Argonautica</span> <span class='ocrx_word' id='word_1_53' title='bbox 2141 886 2146 937; x_wconf 85' lang='grc' dir='ltr'>ἶ</span> 
     </span>
     <span class='ocr_line' id='line_1_6' title="bbox 400 969 2114 1077; baseline -0.001 -29"><span class='ocrx_word' id='word_1_54' title='bbox 400 1001 478 1048; x_wconf 86' lang='lat' dir='ltr'>cum</span> <span class='ocrx_word' id='word_1_55' title='bbox 493 969 624 1048; x_wconf 86' lang='lat' dir='ltr'>scholiis</span> <span class='ocrx_word' id='word_1_56' title='bbox 639 979 761 1077; x_wconf 58' lang='lat' dir='ltr'>gejecis</span> <span class='ocrx_word' id='word_1_57' title='bbox 778 974 1036 1046; x_wconf 72' lang='lat' dir='ltr'>continebantur.</span> <span class='ocrx_word' id='word_1_58' title='bbox 1072 976 1111 1044; x_wconf 95' lang='lat' dir='ltr'>In</span> <span class='ocrx_word' id='word_1_59' title='bbox 1128 976 1343 1047; x_wconf 72' lang='lat' dir='ltr'>laevinorii</span> <span class='ocrx_word' id='word_1_60' title='bbox 1359 971 1501 1047; x_wconf 76' lang='lat' dir='ltr'>editione</span> <span class='ocrx_word' id='word_1_61' title='bbox 1540 970 1729 1073; x_wconf 84' lang='lat' dir='ltr'>ersingulas</span> <span class='ocrx_word' id='word_1_62' title='bbox 1745 983 1880 1077; x_wconf 80' lang='lat' dir='ltr'>paginae</span> <span class='ocrx_word' id='word_1_63' title='bbox 1892 982 2030 1077; x_wconf 77' lang='lat' dir='ltr'>Tragici</span> <span class='ocrx_word' id='word_1_64' title='bbox 2045 1003 2114 1049; x_wconf 87' lang='lat' dir='ltr'>ver·</span> 
     </span>
     <span class='ocr_line' id='line_1_7' title="bbox 399 1063 2222 1179; baseline 0 -26"><span class='ocrx_word' id='word_1_65' title='bbox 399 1081 447 1153; x_wconf 84' lang='lat' dir='ltr'>bia</span> <span class='ocrx_word' id='word_1_66' title='bbox 460 1063 599 1153; x_wconf 72' lang='lat' dir='ltr'>subiesla</span> <span class='ocrx_word' id='word_1_67' title='bbox 612 1099 645 1151; x_wconf 92' lang='lat' dir='ltr'>et</span> <span class='ocrx_word' id='word_1_68' title='bbox 658 1076 830 1153; x_wconf 89' lang='lat' dir='ltr'>luculentis</span> <span class='ocrx_word' id='word_1_69' title='bbox 844 1082 930 1176; x_wconf 82' lang='lat' dir='ltr'>typis</span> <span class='ocrx_word' id='word_1_70' title='bbox 945 1072 1100 1177; x_wconf 83' lang='lat' dir='ltr'>exscripta</span> <span class='ocrx_word' id='word_1_71' title='bbox 1113 1074 1271 1176; x_wconf 80' lang='lat' dir='ltr'>prostant.</span> <span class='ocrx_word' id='word_1_72' title='bbox 1292 1103 1297 1114; x_wconf 77' lang='grc'><em>’</em></span> <span class='ocrx_word' id='word_1_73' title='bbox 1324 1074 1386 1151; x_wconf 88' lang='lat' dir='ltr'>Sed</span> <span class='ocrx_word' id='word_1_74' title='bbox 1413 1098 1444 1149; x_wconf 90' lang='lat' dir='ltr'>et</span> <span class='ocrx_word' id='word_1_75' title='bbox 1464 1082 1498 1179; x_wconf 90' lang='lat' dir='ltr'>ip</span> <span class='ocrx_word' id='word_1_76' title='bbox 1513 1082 1531 1149; x_wconf 86' lang='lat' dir='ltr'>e</span> <span class='ocrx_word' id='word_1_77' title='bbox 1545 1080 1726 1177; x_wconf 73' lang='lat' dir='ltr'>Stephanus</span> <span class='ocrx_word' id='word_1_78' title='bbox 1748 1072 1900 1157; x_wconf 71' lang='lat' dir='ltr'>eruditae</span> <span class='ocrx_word' id='word_1_79' title='bbox 1911 1076 1980 1153; x_wconf 79' lang='lat' dir='ltr'>suas</span> <span class='ocrx_word' id='word_1_80' title='bbox 1998 1086 2034 1151; x_wconf 92' lang='lat' dir='ltr'>in</span> <span class='ocrx_word' id='word_1_81' title='bbox 2053 1086 2127 1153; x_wconf 65' lang='lat' dir='ltr'>lle-s</span> <span class='ocrx_word' id='word_1_82' title='bbox 2152 1125 2157 1134; x_wconf 87' lang='lat'><strong>·</strong></span> <span class='ocrx_word' id='word_1_83' title='bbox 2216 1070 2222 1079; x_wconf 43' lang='lat'><strong>⁴</strong></span> 
     </span>
     <span class='ocr_line' id='line_1_8' title="bbox 272 1166 2116 1289; baseline 0 -34"><span class='ocrx_word' id='word_1_84' title='bbox 272 1166 277 1185; x_wconf 64' lang='lat'><strong><em>¹</em></strong></span> <span class='ocrx_word' id='word_1_85' title='bbox 307 1236 313 1251; x_wconf 87' lang='lat'><strong>.</strong></span> <span class='ocrx_word' id='word_1_86' title='bbox 400 1178 554 1278; x_wconf 91' lang='lat' dir='ltr'>schylum</span> <span class='ocrx_word' id='word_1_87' title='bbox 568 1180 792 1283; x_wconf 80' lang='lat' dir='ltr'>castigationes</span> <span class='ocrx_word' id='word_1_88' title='bbox 807 1174 936 1255; x_wconf 91' lang='lat' dir='ltr'>subiecit</span> <span class='ocrx_word' id='word_1_89' title='bbox 949 1209 982 1280; x_wconf 93' lang='lat' dir='ltr'>p.</span> <span class='ocrx_word' id='word_1_90' title='bbox 998 1188 1065 1273; x_wconf 81' lang='lat'>356.</span> <span class='ocrx_word' id='word_1_91' title='bbox 1081 1180 1228 1267; x_wconf 84' lang='lat' dir='ltr'>tellatus,</span> <span class='ocrx_word' id='word_1_92' title='bbox 1255 1173 1287 1252; x_wconf 90' lang='lat' dir='ltr'>se</span> <span class='ocrx_word' id='word_1_93' title='bbox 1299 1178 1487 1281; x_wconf 89' lang='lat' dir='ltr'>quindecim</span> <span class='ocrx_word' id='word_1_94' title='bbox 1500 1202 1617 1282; x_wconf 86' lang='lat' dir='ltr'>poetae</span> <span class='ocrx_word' id='word_1_95' title='bbox 1645 1182 1847 1289; x_wconf 67' lang='lat' dir='ltr'>exemplaria</span> <span class='ocrx_word' id='word_1_96' title='bbox 1865 1212 1976 1259; x_wconf 88' lang='lat' dir='ltr'>manu·</span> <span class='ocrx_word' id='word_1_97' title='bbox 1988 1204 2116 1255; x_wconf 77' lang='lat' dir='ltr'>exarata</span> 
     </span>
     <span class='ocr_line' id='line_1_9' title="bbox 148 1276 2141 1389; baseline -0.002 -28"><span class='ocrx_word' id='word_1_98' title='bbox 148 1316 158 1331; x_wconf 70' lang='lat'><em>⁴</em></span> <span class='ocrx_word' id='word_1_99' title='bbox 265 1299 267 1305; x_wconf 82' lang='lat'>&#39;</span> <span class='ocrx_word' id='word_1_100' title='bbox 400 1282 568 1389; x_wconf 85' lang='lat' dir='ltr'>inspexisse</span> <span class='ocrx_word' id='word_1_101' title='bbox 584 1291 704 1387; x_wconf 89' lang='lat' dir='ltr'>partim</span> <span class='ocrx_word' id='word_1_102' title='bbox 722 1290 885 1381; x_wconf 72' lang='lat' dir='ltr'>Veneriis,</span> <span class='ocrx_word' id='word_1_103' title='bbox 910 1288 1029 1381; x_wconf 88' lang='lat' dir='ltr'>partim</span> <span class='ocrx_word' id='word_1_104' title='bbox 1044 1282 1248 1381; x_wconf 74' lang='lat' dir='ltr'>florentiae,</span> <span class='ocrx_word' id='word_1_105' title='bbox 1273 1290 1394 1384; x_wconf 88' lang='lat' dir='ltr'>partim</span> <span class='ocrx_word' id='word_1_106' title='bbox 1410 1286 1539 1357; x_wconf 67' lang='lat' dir='ltr'>Rornae</span> <span class='ocrx_word' id='word_1_107' title='bbox 1555 1305 1587 1356; x_wconf 88' lang='lat' dir='ltr'>et</span> <span class='ocrx_word' id='word_1_108' title='bbox 1600 1288 1756 1387; x_wconf 82' lang='lat' dir='ltr'>Neapoli,</span> <span class='ocrx_word' id='word_1_109' title='bbox 1779 1276 1833 1362; x_wconf 85' lang='lat' dir='ltr'>sed</span> <span class='ocrx_word' id='word_1_110' title='bbox 1846 1292 1881 1361; x_wconf 87' lang='lat' dir='ltr'>iri</span> <span class='ocrx_word' id='word_1_111' title='bbox 1896 1314 2041 1387; x_wconf 88' lang='lat' dir='ltr'>quorum</span> <span class='ocrx_word' id='word_1_112' title='bbox 2059 1278 2141 1381; x_wconf 84' lang='lat' dir='ltr'>bo·-¹</span> 
     </span>
     <span class='ocr_line' id='line_1_10' title="bbox 43 1384 2190 1510; baseline -0.002 -46"><span class='ocrx_word' id='word_1_113' title='bbox 43 1392 45 1399; x_wconf 77' lang='grc'><strong>’</strong></span> <span class='ocrx_word' id='word_1_114' title='bbox 377 1388 381 1396; x_wconf 71' lang='grc'><strong>’</strong></span> <span class='ocrx_word' id='word_1_115' title='bbox 400 1417 443 1465; x_wconf 86' lang='lat' dir='ltr'>na</span> <span class='ocrx_word' id='word_1_116' title='bbox 455 1412 547 1492; x_wconf 91' lang='lat' dir='ltr'>parte</span> <span class='ocrx_word' id='word_1_117' title='bbox 562 1410 690 1463; x_wconf 91' lang='lat' dir='ltr'>tantum</span> <span class='ocrx_word' id='word_1_118' title='bbox 705 1394 832 1491; x_wconf 81' lang='lat' dir='ltr'>primae</span> <span class='ocrx_word' id='word_1_119' title='bbox 846 1409 910 1460; x_wconf 85' lang='lat' dir='ltr'>tres</span> <span class='ocrx_word' id='word_1_120' title='bbox 928 1386 1118 1485; x_wconf 88' lang='lat' dir='ltr'>tragoediae</span> <span class='ocrx_word' id='word_1_121' title='bbox 1141 1389 1348 1461; x_wconf 81' lang='lat' dir='ltr'>haberentur.</span> <span class='ocrx_word' id='word_1_122' title='bbox 1400 1392 1539 1489; x_wconf 73' lang='lat' dir='ltr'>vittprii</span> <span class='ocrx_word' id='word_1_123' title='bbox 1564 1384 1801 1487; x_wconf 77' lang='lat' dir='ltr'>praefationem</span> <span class='ocrx_word' id='word_1_124' title='bbox 1821 1398 1941 1510; x_wconf 78' lang='lat' dir='ltr'>excipit</span> <span class='ocrx_word' id='word_1_125' title='bbox 1963 1386 2116 1482; x_wconf 81' lang='lat' dir='ltr'>Aeschyli</span> <span class='ocrx_word' id='word_1_126' title='bbox 2168 1427 2190 1484; x_wconf 23' lang='grc' dir='ltr'>Ι·</span> 
     </span>
     <span class='ocr_line' id='line_1_11' title="bbox 401 1484 2117 1595; baseline 0 -28"><span class='ocrx_word' id='word_1_127' title='bbox 401 1486 485 1591; x_wconf 83' lang='lat' dir='ltr'>uita,</span> <span class='ocrx_word' id='word_1_128' title='bbox 511 1520 561 1593; x_wconf 90' lang='lat' dir='ltr'>gr.</span> <span class='ocrx_word' id='word_1_129' title='bbox 576 1488 691 1593; x_wconf 90' lang='lat' dir='ltr'>scripta</span> <span class='ocrx_word' id='word_1_130' title='bbox 704 1513 737 1565; x_wconf 87' lang='lat' dir='ltr'>et</span> <span class='ocrx_word' id='word_1_131' title='bbox 751 1484 965 1585; x_wconf 73' lang='lat' dir='ltr'>Karoihayer</span> <span class='ocrx_word' id='word_1_132' title='bbox 980 1492 1047 1569; x_wconf 74' lang='lat' dir='ltr'>‘riir</span> <span class='ocrx_word' id='word_1_133' title='bbox 1062 1484 1224 1593; x_wconf 67' lang='grc' dir='ltr'>Αῐσχύλε</span> <span class='ocrx_word' id='word_1_134' title='bbox 1236 1484 1441 1594; x_wconf 65' lang='grc' dir='ltr'><em>δραμάτων,</em></span> <span class='ocrx_word' id='word_1_135' title='bbox 1467 1486 1568 1571; x_wconf 70' lang='lat' dir='ltr'>aerei</span> <span class='ocrx_word' id='word_1_136' title='bbox 1582 1493 1739 1595; x_wconf 72' lang='grc' dir='ltr'>ςοιχὲἱσν.</span> <span class='ocrx_word' id='word_1_137' title='bbox 1793 1502 1832 1569; x_wconf 92' lang='lat' dir='ltr'>ln</span> <span class='ocrx_word' id='word_1_138' title='bbox 1855 1498 1921 1569; x_wconf 83' lang='lat' dir='ltr'>line</span> <span class='ocrx_word' id='word_1_139' title='bbox 1934 1490 2117 1593; x_wconf 87' lang='lat' dir='ltr'>tragoedia·</span> 
     </span>
     <span class='ocr_line' id='line_1_12' title="bbox 403 1589 2155 1700; baseline 0 -29"><span class='ocrx_word' id='word_1_140' title='bbox 403 1624 479 1671; x_wconf 87' lang='lat' dir='ltr'>rum</span> <span class='ocrx_word' id='word_1_141' title='bbox 497 1624 529 1699; x_wconf 94' lang='lat' dir='ltr'>p.</span> <span class='ocrx_word' id='word_1_142' title='bbox 545 1622 600 1690; x_wconf 81' lang='lat'>343</span> <span class='ocrx_word' id='word_1_143' title='bbox 618 1592 684 1697; x_wconf 89' lang='lat' dir='ltr'>sqq.</span> <span class='ocrx_word' id='word_1_144' title='bbox 699 1600 858 1696; x_wconf 90' lang='lat' dir='ltr'>reperitur</span> <span class='ocrx_word' id='word_1_145' title='bbox 879 1590 960 1695; x_wconf 90' lang='lat' dir='ltr'>disp.</span> <span class='ocrx_word' id='word_1_146' title='bbox 976 1595 1053 1697; x_wconf 57' lang='lat' dir='ltr'>arrei</span> <span class='ocrx_word' id='word_1_147' title='bbox 1079 1598 1229 1699; x_wconf 54' lang='grc' dir='ltr'>μέτρων,</span> <span class='ocrx_word' id='word_1_148' title='bbox 1253 1596 1299 1672; x_wconf 76' lang='lat' dir='ltr'>osc</span> <span class='ocrx_word' id='word_1_149' title='bbox 1322 1589 1501 1698; x_wconf 67' lang='grc' dir='ltr'>ἐχρήσατο</span> <span class='ocrx_word' id='word_1_150' title='bbox 1522 1594 1539 1673; x_wconf 82' lang='lat' dir='ltr'>o‘</span> <span class='ocrx_word' id='word_1_151' title='bbox 1560 1598 1755 1692; x_wconf 71' lang='grc' dir='ltr'>Λῖσχυλος,</span> <span class='ocrx_word' id='word_1_152' title='bbox 1776 1606 1868 1672; x_wconf 76' lang='lat' dir='ltr'>&#39;cuius</span> <span class='ocrx_word' id='word_1_153' title='bbox 1887 1600 2117 1700; x_wconf 82' lang='lat' dir='ltr'>praestantiam</span> <span class='ocrx_word' id='word_1_154' title='bbox 2151 1674 2155 1683; x_wconf 74' lang='grc'>,</span> 
     </span>
     <span class='ocr_line' id='line_1_13' title="bbox 404 1692 2117 1802; baseline 0.001 -29"><span class='ocrx_word' id='word_1_155' title='bbox 404 1706 439 1773; x_wconf 92' lang='lat' dir='ltr'>in</span> <span class='ocrx_word' id='word_1_156' title='bbox 451 1728 491 1773; x_wconf 92' lang='lat' dir='ltr'>eo</span> <span class='ocrx_word' id='word_1_157' title='bbox 507 1706 603 1773; x_wconf 89' lang='lat' dir='ltr'>etiam</span> <span class='ocrx_word' id='word_1_158' title='bbox 618 1702 763 1786; x_wconf 83' lang='lat' dir='ltr'>elucere,</span> <span class='ocrx_word' id='word_1_159' title='bbox 789 1696 1019 1771; x_wconf 89' lang='lat' dir='ltr'>animaduertit</span> <span class='ocrx_word' id='word_1_160' title='bbox 1034 1700 1133 1785; x_wconf 82' lang='lat' dir='ltr'>Para,</span> <span class='ocrx_word' id='word_1_161' title='bbox 1155 1692 1375 1796; x_wconf 75' lang='lat' dir='ltr'>(scholiorum</span> <span class='ocrx_word' id='word_1_162' title='bbox 1388 1721 1439 1799; x_wconf 89' lang='lat' dir='ltr'>gr.</span> <span class='ocrx_word' id='word_1_163' title='bbox 1458 1704 1493 1770; x_wconf 89' lang='lat' dir='ltr'>in</span> <span class='ocrx_word' id='word_1_164' title='bbox 1507 1694 1710 1793; x_wconf 74' lang='lat' dir='ltr'>Aeschylum</span> <span class='ocrx_word' id='word_1_165' title='bbox 1726 1710 1943 1796; x_wconf 88' lang='lat' dir='ltr'>contemtor,)</span> <span class='ocrx_word' id='word_1_166' title='bbox 1963 1708 1998 1774; x_wconf 93' lang='lat' dir='ltr'>in</span> <span class='ocrx_word' id='word_1_167' title='bbox 2013 1696 2117 1802; x_wconf 87' lang='lat' dir='ltr'>praes.</span> 
     </span>
     <span class='ocr_line' id='line_1_14' title="bbox 405 1796 2116 1903; baseline 0 -26"><span class='ocrx_word' id='word_1_168' title='bbox 405 1800 553 1878; x_wconf 85' lang='lat' dir='ltr'>adsuam</span> <span class='ocrx_word' id='word_1_169' title='bbox 568 1800 880 1903; x_wconf 77' lang='lat' dir='ltr'>editionern,&#39;quod</span> <span class='ocrx_word' id='word_1_170' title='bbox 899 1826 1016 1880; x_wconf 81' lang='lat' dir='ltr'>omnes</span> <span class='ocrx_word' id='word_1_171' title='bbox 1030 1796 1149 1886; x_wconf 79' lang='lat' dir='ltr'>verfiur,</span> <span class='ocrx_word' id='word_1_172' title='bbox 1168 1798 1366 1901; x_wconf 73' lang='lat' dir='ltr'>paucissimis</span> <span class='ocrx_word' id='word_1_173' title='bbox 1380 1808 1541 1903; x_wconf 85' lang='lat' dir='ltr'>exceptis,</span> <span class='ocrx_word' id='word_1_174' title='bbox 1566 1808 1608 1874; x_wconf 86' lang='lat' dir='ltr'>ita</span> <span class='ocrx_word' id='word_1_175' title='bbox 1629 1806 1793 1894; x_wconf 82' lang='lat' dir='ltr'>exhibeat,</span> <span class='ocrx_word' id='word_1_176' title='bbox 1817 1828 1852 1881; x_wconf 84' lang='lat' dir='ltr'>ut</span> <span class='ocrx_word' id='word_1_177' title='bbox 1866 1804 1906 1880; x_wconf 89' lang='lat' dir='ltr'>ad</span> <span class='ocrx_word' id='word_1_178' title='bbox 1931 1827 2116 1880; x_wconf 86' lang='lat' dir='ltr'>metrorum</span> 
     </span>
     <span class='ocr_line' id='line_1_15' title="bbox 354 1902 2117 2011; baseline 0 -31"><span class='ocrx_word' id='word_1_179' title='bbox 354 1940 358 1945; x_wconf 91' lang='lat'><em>·</em></span> <span class='ocrx_word' id='word_1_180' title='bbox 404 1934 544 2006; x_wconf 84' lang='lat' dir='ltr'>genera,</span> <span class='ocrx_word' id='word_1_181' title='bbox 571 1910 611 1979; x_wconf 90' lang='lat' dir='ltr'>ab</span> <span class='ocrx_word' id='word_1_182' title='bbox 630 1906 873 2007; x_wconf 88' lang='lat' dir='ltr'>Hephaellione</span> <span class='ocrx_word' id='word_1_183' title='bbox 895 1925 1060 1993; x_wconf 84' lang='lat' dir='ltr'>enarrata,</span> <span class='ocrx_word' id='word_1_184' title='bbox 1085 1930 1155 1977; x_wconf 90' lang='lat' dir='ltr'>nou</span> <span class='ocrx_word' id='word_1_185' title='bbox 1169 1903 1347 1979; x_wconf 91' lang='lat' dir='ltr'>difficulter</span> <span class='ocrx_word' id='word_1_186' title='bbox 1367 1904 1479 1979; x_wconf 87' lang='lat' dir='ltr'>reduci</span> <span class='ocrx_word' id='word_1_187' title='bbox 1499 1904 1630 2007; x_wconf 82' lang='lat' dir='ltr'>possint.</span> <span class='ocrx_word' id='word_1_188' title='bbox 1662 1902 1752 1981; x_wconf 84' lang='lat' dir='ltr'>conf.</span> <span class='ocrx_word' id='word_1_189' title='bbox 1769 1912 1984 2011; x_wconf 78' lang='lat' dir='ltr'>Freytagiam</span> <span class='ocrx_word' id='word_1_190' title='bbox 2004 1914 2117 2009; x_wconf 88' lang='lat' dir='ltr'>copio-</span> 
     </span>
     <span class='ocr_line' id='line_1_16' title="bbox 210 2005 2215 2113; baseline 0.002 -32"><span class='ocrx_word' id='word_1_191' title='bbox 210 2069 215 2081; x_wconf 24' lang='grc' dir='ltr'><em>Ι</em></span> <span class='ocrx_word' id='word_1_192' title='bbox 403 2006 480 2085; x_wconf 91' lang='lat' dir='ltr'>sum</span> <span class='ocrx_word' id='word_1_193' title='bbox 498 2010 542 2086; x_wconf 66' lang='lat' dir='ltr'>&#39;de</span> <span class='ocrx_word' id='word_1_194' title='bbox 561 2015 622 2085; x_wconf 90' lang='lat' dir='ltr'>hac</span> <span class='ocrx_word' id='word_1_195' title='bbox 644 2010 777 2113; x_wconf 77' lang='lat' dir='ltr'>aliisque</span> <span class='ocrx_word' id='word_1_196' title='bbox 797 2014 935 2109; x_wconf 76' lang='lat' dir='ltr'>Tragici</span> <span class='ocrx_word' id='word_1_197' title='bbox 959 2006 1152 2082; x_wconf 71' lang='lat' dir='ltr'>editionibus</span> <span class='ocrx_word' id='word_1_198' title='bbox 1171 2027 1204 2081; x_wconf 88' lang='lat' dir='ltr'>et</span> <span class='ocrx_word' id='word_1_199' title='bbox 1223 2005 1265 2081; x_wconf 88' lang='lat' dir='ltr'>de</span> <span class='ocrx_word' id='word_1_200' title='bbox 1283 2012 1380 2083; x_wconf 83' lang='lat' dir='ltr'>Petro</span> <span class='ocrx_word' id='word_1_201' title='bbox 1402 2012 1585 2103; x_wconf 69' lang='lat' dir='ltr'>Vidiorio,</span> <span class='ocrx_word' id='word_1_202' title='bbox 1611 2016 1646 2081; x_wconf 91' lang='lat' dir='ltr'>in</span> <span class='ocrx_word' id='word_1_203' title='bbox 1668 2010 1835 2113; x_wconf 87' lang='lat' dir='ltr'>Adparattr</span> <span class='ocrx_word' id='word_1_204' title='bbox 1854 2012 1954 2089; x_wconf 88' lang='lat' dir='ltr'>litter.</span> <span class='ocrx_word' id='word_1_205' title='bbox 1975 2033 2061 2087; x_wconf 88' lang='lat' dir='ltr'>tom.</span> <span class='ocrx_word' id='word_1_206' title='bbox 2075 2014 2118 2085; x_wconf 91' lang='lat' dir='ltr'>ll.</span> <span class='ocrx_word' id='word_1_207' title='bbox 2212 2059 2215 2065; x_wconf 84' lang='lat'>·</span> 
     </span>
     <span class='ocr_line' id='line_1_17' title="bbox 292 2108 2100 2235; baseline -0.001 -18"><span class='ocrx_word' id='word_1_208' title='bbox 292 2108 714 2235; x_wconf 8' lang='lat' dir='ltr'>‘mmm‘</span> <span class='ocrx_word' id='word_1_209' title='bbox 2021 2143 2100 2215; x_wconf 82' lang='grc'>.·</span> 
     </span>
     <span class='ocr_line' id='line_1_18' title="bbox 262 2242 2118 2352; baseline -0.002 -29"><span class='ocrx_word' id='word_1_210' title='bbox 262 2294 269 2306; x_wconf 51' lang='grc' dir='ltr'><em>ι</em></span> <span class='ocrx_word' id='word_1_211' title='bbox 504 2252 718 2348; x_wconf 87' lang='lat' dir='ltr'>Praecipuam</span> <span class='ocrx_word' id='word_1_212' title='bbox 732 2244 867 2321; x_wconf 85' lang='lat' dir='ltr'>laudem</span> <span class='ocrx_word' id='word_1_213' title='bbox 883 2250 1022 2319; x_wconf 86' lang='lat' dir='ltr'>acririea</span> <span class='ocrx_word' id='word_1_214' title='bbox 1038 2242 1165 2321; x_wconf 76' lang='lat' dir='ltr'>ratione</span> <span class='ocrx_word' id='word_1_215' title='bbox 1180 2266 1278 2349; x_wconf 85' lang='lat' dir='ltr'>atque</span> <span class='ocrx_word' id='word_1_216' title='bbox 1295 2242 1465 2345; x_wconf 77' lang='lat' dir='ltr'>diligentia</span> <span class='ocrx_word' id='word_1_217' title='bbox 1480 2244 1732 2352; x_wconf 68' lang='lat' dir='ltr'>dexteritateque</span> <span class='ocrx_word' id='word_1_218' title='bbox 1749 2256 1785 2324; x_wconf 89' lang='lat' dir='ltr'>in</span> <span class='ocrx_word' id='word_1_219' title='bbox 1806 2248 1956 2339; x_wconf 75' lang='lat' dir='ltr'>curandis</span> <span class='ocrx_word' id='word_1_220' title='bbox 1977 2250 2118 2325; x_wconf 77' lang='lat' dir='ltr'>uulneri.</span> 
     </span>
     <span class='ocr_line' id='line_1_19' title="bbox 404 2350 1971 2429; baseline -0.003 -2"><span class='ocrx_word' id='word_1_221' title='bbox 404 2352 463 2429; x_wconf 84' lang='lat' dir='ltr'>bur</span> <span class='ocrx_word' id='word_1_222' title='bbox 477 2374 582 2428; x_wconf 88' lang='lat' dir='ltr'>meret</span> <span class='ocrx_word' id='word_1_223' title='bbox 600 2350 721 2427; x_wconf 86' lang='lat' dir='ltr'>editio:</span> <span class='ocrx_word' id='word_1_224' title='bbox 1295 2420 1298 2425; x_wconf 88' lang='grc'><strong>,</strong></span> <span class='ocrx_word' id='word_1_225' title='bbox 1958 2374 1971 2394; x_wconf 79' lang='lat'><strong><em>‘</em></strong></span> 
     </span>
     <span class='ocr_line' id='line_1_20' title="bbox 510 2480 2116 2587; baseline -0.001 -25"><span class='ocrx_word' id='word_1_226' title='bbox 510 2488 659 2587; x_wconf 74' lang='lat' dir='ltr'>Aeschyli</span> <span class='ocrx_word' id='word_1_227' title='bbox 680 2486 739 2561; x_wconf 85' lang='lat' dir='ltr'>Tr.</span> <span class='ocrx_word' id='word_1_228' title='bbox 759 2484 802 2560; x_wconf 91' lang='lat' dir='ltr'><em>V</em></span> <span class='ocrx_word' id='word_1_229' title='bbox 797 2486 850 2557; x_wconf 86' lang='lat' dir='ltr'>II.</span> <span class='ocrx_word' id='word_1_230' title='bbox 862 2490 897 2557; x_wconf 93' lang='lat' dir='ltr'>in</span> <span class='ocrx_word' id='word_1_231' title='bbox 916 2486 1032 2584; x_wconf 86' lang='lat' dir='ltr'>quibus</span> <span class='ocrx_word' id='word_1_232' title='bbox 1044 2504 1172 2586; x_wconf 85' lang='lat' dir='ltr'>praeter</span> <span class='ocrx_word' id='word_1_233' title='bbox 1188 2482 1314 2558; x_wconf 82' lang='lat' dir='ltr'>infinita</span> <span class='ocrx_word' id='word_1_234' title='bbox 1335 2482 1456 2561; x_wconf 87' lang='lat' dir='ltr'>menda</span> <span class='ocrx_word' id='word_1_235' title='bbox 1476 2480 1617 2574; x_wconf 87' lang='lat' dir='ltr'>sublata,</span> <span class='ocrx_word' id='word_1_236' title='bbox 1641 2495 1829 2562; x_wconf 83' lang='lat' dir='ltr'>carminum</span> <span class='ocrx_word' id='word_1_237' title='bbox 1854 2482 2016 2573; x_wconf 79' lang='lat' dir='ltr'>omnium&#39;</span> <span class='ocrx_word' id='word_1_238' title='bbox 2033 2493 2116 2563; x_wconf 91' lang='lat' dir='ltr'>ratio</span> 
     </span>
    </p>
   </div>
   <div class='ocr_carea' id='block_1_4' title="bbox 108 2586 2142 2793">
    <p class='ocr_par' dir='ltr' id='par_1_4' title="bbox 108 2586 2142 2793">
     <span class='ocr_line' id='line_1_21' title="bbox 117 2586 2142 2695; baseline -0.022 -35"><span class='ocrx_word' id='word_1_239' title='bbox 117 2632 118 2660; x_wconf 63' lang='lat' dir='ltr'>t</span> <span class='ocrx_word' id='word_1_240' title='bbox 174 2656 177 2669; x_wconf 80' lang='grc'>,</span> <span class='ocrx_word' id='word_1_241' title='bbox 406 2594 561 2669; x_wconf 62' lang='lat' dir='ltr'>haetenus</span> <span class='ocrx_word' id='word_1_242' title='bbox 575 2598 745 2689; x_wconf 85' lang='lat' dir='ltr'>ignorata,</span> <span class='ocrx_word' id='word_1_243' title='bbox 771 2615 859 2661; x_wconf 92' lang='lat' dir='ltr'>nunc</span> <span class='ocrx_word' id='word_1_244' title='bbox 872 2594 1019 2687; x_wconf 88' lang='lat' dir='ltr'>primum</span> <span class='ocrx_word' id='word_1_245' title='bbox 1035 2586 1205 2690; x_wconf 79' lang='lat' dir='ltr'>proditur,</span> <span class='ocrx_word' id='word_1_246' title='bbox 1230 2629 1282 2647; x_wconf 90' lang='lat'>-</span> <span class='ocrx_word' id='word_1_247' title='bbox 1305 2614 1406 2690; x_wconf 87' lang='lat' dir='ltr'>opera</span> <span class='ocrx_word' id='word_1_248' title='bbox 1422 2591 1512 2679; x_wconf 76' lang='lat' dir='ltr'>Gaii.</span> <span class='ocrx_word' id='word_1_249' title='bbox 1529 2593 1679 2681; x_wconf 75' lang='lat' dir='ltr'>Crateri,</span> <span class='ocrx_word' id='word_1_250' title='bbox 1705 2594 1920 2691; x_wconf 76' lang='lat' dir='ltr'>Vltraietlini‚</span> <span class='ocrx_word' id='word_1_251' title='bbox 1945 2600 2142 2695; x_wconf 43' lang='lat' dir='ltr'>antwerp..</span> 
     </span>
     <span class='ocr_line' id='line_1_22' title="bbox 108 2691 1666 2793; baseline -0.019 -15"><span class='ocrx_word' id='word_1_252' title='bbox 108 2774 111 2785; x_wconf 79' lang='grc'>,</span> <span class='ocrx_word' id='word_1_253' title='bbox 209 2741 212 2747; x_wconf 91' lang='grc'><em>·</em></span> <span class='ocrx_word' id='word_1_254' title='bbox 345 2768 347 2772; x_wconf 87' lang='grc'>,</span> <span class='ocrx_word' id='word_1_255' title='bbox 406 2722 445 2769; x_wconf 83' lang='lat' dir='ltr'>ex</span> <span class='ocrx_word' id='word_1_256' title='bbox 460 2696 591 2770; x_wconf 87' lang='lat' dir='ltr'>officina</span> <span class='ocrx_word' id='word_1_257' title='bbox 604 2692 764 2793; x_wconf 83' lang='lat' dir='ltr'>chssoph.</span> <span class='ocrx_word' id='word_1_258' title='bbox 779 2691 914 2765; x_wconf 90' lang='lat' dir='ltr'>Plantin.</span> <span class='ocrx_word' id='word_1_259' title='bbox 937 2704 1024 2784; x_wconf 83' lang='lat'>1580.</span> <span class='ocrx_word' id='word_1_260' title='bbox 1046 2716 1091 2765; x_wconf 81' lang='lat' dir='ltr'>ra.</span> <span class='ocrx_word' id='word_1_261' title='bbox 1661 2725 1666 2737; x_wconf 84' lang='lat'>.</span> 
     </span>
    </p>
   </div>
   <div class='ocr_carea' id='block_1_5' title="bbox 220 2822 2249 3137">
    <p class='ocr_par' dir='ltr' id='par_1_5' title="bbox 220 2822 2249 3137">
     <span class='ocr_line' id='line_1_23' title="bbox 380 2822 2249 2930; baseline 0.004 -32"><span class='ocrx_word' id='word_1_262' title='bbox 380 2922 383 2930; x_wconf 19' lang='grc' dir='ltr'><strong><em>Δ</em></strong></span> <span class='ocrx_word' id='word_1_263' title='bbox 509 2832 546 2901; x_wconf 93' lang='lat' dir='ltr'>ln</span> <span class='ocrx_word' id='word_1_264' title='bbox 558 2833 621 2901; x_wconf 90' lang='lat' dir='ltr'>hac</span> <span class='ocrx_word' id='word_1_265' title='bbox 635 2826 776 2901; x_wconf 90' lang='lat' dir='ltr'>editione</span> <span class='ocrx_word' id='word_1_266' title='bbox 789 2822 972 2899; x_wconf 88' lang='lat' dir='ltr'>admodum</span> <span class='ocrx_word' id='word_1_267' title='bbox 989 2851 1059 2897; x_wconf 88' lang='lat' dir='ltr'>rara</span> <span class='ocrx_word' id='word_1_268' title='bbox 1073 2845 1105 2897; x_wconf 92' lang='lat' dir='ltr'>et</span> <span class='ocrx_word' id='word_1_269' title='bbox 1118 2822 1270 2897; x_wconf 77' lang='lat' dir='ltr'>adcurate</span> <span class='ocrx_word' id='word_1_270' title='bbox 1286 2851 1355 2897; x_wconf 90' lang='lat' dir='ltr'>non</span> <span class='ocrx_word' id='word_1_271' title='bbox 1371 2843 1501 2899; x_wconf 88' lang='lat' dir='ltr'>tantum</span> <span class='ocrx_word' id='word_1_272' title='bbox 1513 2826 1608 2928; x_wconf 90' lang='lat' dir='ltr'>plura</span> <span class='ocrx_word' id='word_1_273' title='bbox 1626 2827 1728 2929; x_wconf 86' lang='lat' dir='ltr'>longe</span> <span class='ocrx_word' id='word_1_274' title='bbox 1752 2825 1872 2902; x_wconf 87' lang='lat' dir='ltr'>menda</span> <span class='ocrx_word' id='word_1_275' title='bbox 1893 2824 1967 2904; x_wconf 86' lang='lat' dir='ltr'>sunt</span> <span class='ocrx_word' id='word_1_276' title='bbox 1984 2826 2118 2918; x_wconf 78' lang='lat' dir='ltr'>sublate,</span> <span class='ocrx_word' id='word_1_277' title='bbox 2237 2861 2249 2917; x_wconf 60' lang='lat'><em>3</em></span> 
     </span>
     <span class='ocr_line' id='line_1_24' title="bbox 220 2924 2118 3033; baseline 0.003 -30"><span class='ocrx_word' id='word_1_278' title='bbox 220 2926 224 2935; x_wconf 74' lang='grc'><strong>’</strong></span> <span class='ocrx_word' id='word_1_279' title='bbox 258 2993 261 2999; x_wconf 97' lang='grc'>.</span> <span class='ocrx_word' id='word_1_280' title='bbox 403 2926 460 3004; x_wconf 90' lang='lat' dir='ltr'>sed</span> <span class='ocrx_word' id='word_1_281' title='bbox 475 2939 572 3005; x_wconf 88' lang='lat' dir='ltr'>etiarn</span> <span class='ocrx_word' id='word_1_282' title='bbox 587 2936 772 3013; x_wconf 84' lang='lat' dir='ltr'>carminum</span> <span class='ocrx_word' id='word_1_283' title='bbox 791 2951 823 3003; x_wconf 92' lang='lat' dir='ltr'>et</span> <span class='ocrx_word' id='word_1_284' title='bbox 839 2928 1158 3028; x_wconf 88' lang='lat' dir='ltr'>interloquutorum,</span> <span class='ocrx_word' id='word_1_285' title='bbox 1186 2954 1330 3029; x_wconf 86' lang='lat' dir='ltr'>quorum</span> <span class='ocrx_word' id='word_1_286' title='bbox 1343 2949 1449 3029; x_wconf 84' lang='lat' dir='ltr'>partes</span> <span class='ocrx_word' id='word_1_287' title='bbox 1462 2960 1481 3003; x_wconf 92' lang='lat' dir='ltr'>a</span> <span class='ocrx_word' id='word_1_288' title='bbox 1496 2934 1615 3005; x_wconf 87' lang='lat' dir='ltr'>Choris</span> <span class='ocrx_word' id='word_1_289' title='bbox 1628 2924 1744 3005; x_wconf 81' lang='lat' dir='ltr'>clarius</span> <span class='ocrx_word' id='word_1_290' title='bbox 1759 2930 2049 3033; x_wconf 79' lang='lat' dir='ltr'>distinguebantur,</span> <span class='ocrx_word' id='word_1_291' title='bbox 2068 2962 2118 3007; x_wconf 86' lang='lat' dir='ltr'>ra·</span> 
     </span>
     <span class='ocr_line' id='line_1_25' title="bbox 405 3030 1157 3137; baseline -0.012 -28"><span class='ocrx_word' id='word_1_292' title='bbox 405 3040 454 3109; x_wconf 83' lang='lat' dir='ltr'>tio</span> <span class='ocrx_word' id='word_1_293' title='bbox 464 3040 611 3136; x_wconf 92' lang='lat' dir='ltr'>primum</span> <span class='ocrx_word' id='word_1_294' title='bbox 630 3030 797 3137; x_wconf 87' lang='lat' dir='ltr'>perspicue</span> <span class='ocrx_word' id='word_1_295' title='bbox 813 3032 969 3133; x_wconf 86' lang='lat' dir='ltr'>explicata</span> <span class='ocrx_word' id='word_1_296' title='bbox 988 3033 1132 3105; x_wconf 89' lang='lat' dir='ltr'>habetur.</span> <span class='ocrx_word' id='word_1_297' title='bbox 1156 3050 1157 3054; x_wconf 73' lang='grc'>’</span> 
     </span>
    </p>
   </div>
   <div class='ocr_carea' id='block_1_6' title="bbox 290 3158 2228 4200">
    <p class='ocr_par' dir='ltr' id='par_1_6' title="bbox 509 3158 2132 3269">
     <span class='ocr_line' id='line_1_26' title="bbox 509 3158 2132 3269; baseline 0.001 -27"><span class='ocrx_word' id='word_1_298' title='bbox 509 3174 622 3242; x_wconf 78' lang='lat' dir='ltr'>Latina</span> <span class='ocrx_word' id='word_1_299' title='bbox 636 3162 730 3268; x_wconf 90' lang='lat' dir='ltr'>prosa</span> <span class='ocrx_word' id='word_1_300' title='bbox 749 3164 884 3241; x_wconf 90' lang='lat' dir='ltr'>reddere</span> <span class='ocrx_word' id='word_1_301' title='bbox 899 3158 1099 3261; x_wconf 84' lang='lat' dir='ltr'>Aeschylum</span> <span class='ocrx_word' id='word_1_302' title='bbox 1113 3158 1207 3239; x_wconf 83' lang='lat' dir='ltr'>ausus</span> <span class='ocrx_word' id='word_1_303' title='bbox 1224 3162 1269 3239; x_wconf 87' lang='lat' dir='ltr'>ell</span> <span class='ocrx_word' id='word_1_304' title='bbox 1290 3163 1402 3269; x_wconf 82' lang='lat' dir='ltr'>impar</span> <span class='ocrx_word' id='word_1_305' title='bbox 1412 3166 1510 3268; x_wconf 87' lang='lat' dir='ltr'>plane</span> <span class='ocrx_word' id='word_1_306' title='bbox 1531 3171 1606 3241; x_wconf 91' lang='lat' dir='ltr'>huie</span> <span class='ocrx_word' id='word_1_307' title='bbox 1627 3176 1759 3243; x_wconf 90' lang='lat' dir='ltr'>conatui</span> <span class='ocrx_word' id='word_1_308' title='bbox 1777 3174 1914 3243; x_wconf 77' lang='lat' dir='ltr'>loannes</span> <span class='ocrx_word' id='word_1_309' title='bbox 1925 3170 2132 3245; x_wconf 51' lang='lat' dir='ltr'>sauronam</span> 
     </span>
    </p>

    <p class='ocr_par' dir='ltr' id='par_1_7' title="bbox 373 3258 2116 3373">
     <span class='ocr_line' id='line_1_27' title="bbox 373 3258 2116 3373; baseline 0.003 -31"><span class='ocrx_word' id='word_1_310' title='bbox 373 3302 387 3359; x_wconf 65' lang='grc' dir='ltr'><strong>χ</strong></span> <span class='ocrx_word' id='word_1_311' title='bbox 405 3296 466 3343; x_wconf 79' lang='lat' dir='ltr'>nas</span> <span class='ocrx_word' id='word_1_312' title='bbox 478 3258 531 3359; x_wconf 68' lang='lat'>⁴³),</span> <span class='ocrx_word' id='word_1_313' title='bbox 554 3274 747 3346; x_wconf 82' lang='lat' dir='ltr'>Vratislauia</span> <span class='ocrx_word' id='word_1_314' title='bbox 767 3269 912 3356; x_wconf 84' lang='lat' dir='ltr'>Sileliur,</span> <span class='ocrx_word' id='word_1_315' title='bbox 941 3264 1031 3343; x_wconf 86' lang='lat' dir='ltr'>cuius</span> <span class='ocrx_word' id='word_1_316' title='bbox 1048 3274 1272 3370; x_wconf 84' lang='lat' dir='ltr'>interpretatio</span> <span class='ocrx_word' id='word_1_317' title='bbox 1294 3298 1335 3344; x_wconf 87' lang='lat' dir='ltr'>ex</span> <span class='ocrx_word' id='word_1_318' title='bbox 1356 3272 1489 3346; x_wconf 85' lang='lat' dir='ltr'>officina</span> <span class='ocrx_word' id='word_1_319' title='bbox 1507 3263 1649 3372; x_wconf 90' lang='lat' dir='ltr'>Oporini</span> <span class='ocrx_word' id='word_1_320' title='bbox 1669 3272 1792 3373; x_wconf 89' lang='lat' dir='ltr'>prodiit</span> <span class='ocrx_word' id='word_1_321' title='bbox 1813 3301 1893 3369; x_wconf 82' lang='lat'>¹575·</span> <span class='ocrx_word' id='word_1_322' title='bbox 1910 3290 1942 3359; x_wconf 85' lang='lat'>8.</span> <span class='ocrx_word' id='word_1_323' title='bbox 1975 3280 2010 3348; x_wconf 88' lang='lat' dir='ltr'>Si</span> <span class='ocrx_word' id='word_1_324' title='bbox 2022 3277 2116 3347; x_wconf 78' lang='lat' dir='ltr'>moto</span> 
     </span>
    </p>

    <p class='ocr_par' dir='ltr' id='par_1_8' title="bbox 406 3368 2118 3475">
     <span class='ocr_line' id='line_1_28' title="bbox 406 3368 2118 3475; baseline 0.004 -31"><span class='ocrx_word' id='word_1_325' title='bbox 406 3378 630 3470; x_wconf 72' lang='lat' dir='ltr'>interpretatio</span> <span class='ocrx_word' id='word_1_326' title='bbox 644 3377 774 3448; x_wconf 80' lang='lat' dir='ltr'>dicenda</span> <span class='ocrx_word' id='word_1_327' title='bbox 789 3370 850 3469; x_wconf 80' lang='lat' dir='ltr'>est,</span> <span class='ocrx_word' id='word_1_328' title='bbox 876 3375 986 3466; x_wconf 90' lang='lat' dir='ltr'>(verba</span> <span class='ocrx_word' id='word_1_329' title='bbox 1006 3368 1080 3446; x_wconf 89' lang='lat' dir='ltr'>sunt</span> <span class='ocrx_word' id='word_1_330' title='bbox 1102 3374 1261 3471; x_wconf 86' lang='lat' dir='ltr'>Stanleii‚)</span> <span class='ocrx_word' id='word_1_331' title='bbox 1282 3378 1316 3445; x_wconf 87' lang='lat' dir='ltr'>in</span> <span class='ocrx_word' id='word_1_332' title='bbox 1352 3400 1394 3446; x_wconf 80' lang='lat' dir='ltr'>aa</span> <span class='ocrx_word' id='word_1_333' title='bbox 1416 3378 1474 3446; x_wconf 88' lang='lat' dir='ltr'>vix</span> <span class='ocrx_word' id='word_1_334' title='bbox 1489 3376 1578 3446; x_wconf 80' lang='lat' dir='ltr'>nisibi</span> <span class='ocrx_word' id='word_1_335' title='bbox 1590 3382 1770 3471; x_wconf 60' lang='lat' dir='ltr'>emperiam</span> <span class='ocrx_word' id='word_1_336' title='bbox 1777 3379 1914 3474; x_wconf 59' lang='lat' dir='ltr'>sensam</span> <span class='ocrx_word' id='word_1_337' title='bbox 1931 3382 2118 3475; x_wconf 54' lang='lat' dir='ltr'>nemosqoi</span> 
     </span>
    </p>

    <p class='ocr_par' dir='ltr' id='par_1_9' title="bbox 375 3400 2117 3581">
     <span class='ocr_line' id='line_1_29' title="bbox 375 3400 2117 3581; baseline 0.005 -33"><span class='ocrx_word' id='word_1_338' title='bbox 375 3511 378 3521; x_wconf 64' lang='lat'><strong><em>¹</em></strong></span> <span class='ocrx_word' id='word_1_339' title='bbox 406 3478 535 3575; x_wconf 80' lang='lat' dir='ltr'>legarit,</span> <span class='ocrx_word' id='word_1_340' title='bbox 561 3481 744 3577; x_wconf 81' lang='lat' dir='ltr'>dicrtsreus.</span> <span class='ocrx_word' id='word_1_341' title='bbox 796 3480 942 3553; x_wconf 89' lang='lat' dir='ltr'>Barthius</span> <span class='ocrx_word' id='word_1_342' title='bbox 956 3483 1054 3550; x_wconf 88' lang='lat' dir='ltr'>etiam</span> <span class='ocrx_word' id='word_1_343' title='bbox 1068 3475 1123 3550; x_wconf 88' lang='lat' dir='ltr'>lib.</span> <span class='ocrx_word' id='word_1_344' title='bbox 1141 3482 1199 3554; x_wconf 84' lang='lat' dir='ltr'>Xl.</span> <span class='ocrx_word' id='word_1_345' title='bbox 1215 3400 1486 3551; x_wconf 87' lang='lat' dir='ltr'>Aduersariorum</span> <span class='ocrx_word' id='word_1_346' title='bbox 1500 3506 1571 3579; x_wconf 84' lang='lat' dir='ltr'>cap.</span> <span class='ocrx_word' id='word_1_347' title='bbox 1586 3482 1614 3549; x_wconf 86' lang='lat'>1.-</span> <span class='ocrx_word' id='word_1_348' title='bbox 1623 3485 1779 3581; x_wconf 89' lang='lat' dir='ltr'>queritur,</span> <span class='ocrx_word' id='word_1_349' title='bbox 1804 3479 2006 3574; x_wconf 77' lang='lat' dir='ltr'>tamstapidr</span> <span class='ocrx_word' id='word_1_350' title='bbox 2017 3484 2117 3556; x_wconf 88' lang='lat' dir='ltr'>latiae</span> 
     </span>
    </p>

    <p class='ocr_par' dir='ltr' id='par_1_10' title="bbox 299 3578 2115 3680">
     <span class='ocr_line' id='line_1_30' title="bbox 299 3578 2115 3680; baseline 0.003 -27"><span class='ocrx_word' id='word_1_351' title='bbox 299 3638 312 3661; x_wconf 64' lang='lat'>,</span> <span class='ocrx_word' id='word_1_352' title='bbox 405 3579 572 3655; x_wconf 86' lang='lat' dir='ltr'>redditum</span> <span class='ocrx_word' id='word_1_353' title='bbox 587 3578 661 3666; x_wconf 81' lang='lat' dir='ltr'>elle,</span> <span class='ocrx_word' id='word_1_354' title='bbox 675 3596 712 3653; x_wconf 87' lang='lat' dir='ltr'>ot</span> <span class='ocrx_word' id='word_1_355' title='bbox 725 3580 860 3677; x_wconf 79' lang='lat' dir='ltr'>neseiat,</span> <span class='ocrx_word' id='word_1_356' title='bbox 880 3578 1167 3677; x_wconf 73' lang='lat' dir='ltr'>nasammostadio</span> <span class='ocrx_word' id='word_1_357' title='bbox 1186 3586 1256 3679; x_wconf 86' lang='lat' dir='ltr'>quir</span> <span class='ocrx_word' id='word_1_358' title='bbox 1269 3582 1419 3653; x_wconf 84' lang='lat' dir='ltr'>laborans</span> <span class='ocrx_word' id='word_1_359' title='bbox 1429 3582 1523 3675; x_wconf 82' lang='lat' dir='ltr'>poffir</span> <span class='ocrx_word' id='word_1_360' title='bbox 1531 3586 1638 3675; x_wconf 81' lang='lat' dir='ltr'>priori</span> <span class='ocrx_word' id='word_1_361' title='bbox 1651 3583 1743 3653; x_wconf 80' lang='lat' dir='ltr'>modo</span> <span class='ocrx_word' id='word_1_362' title='bbox 1759 3586 1844 3675; x_wconf 81' lang='lat' dir='ltr'>quod</span> <span class='ocrx_word' id='word_1_363' title='bbox 1864 3606 1928 3656; x_wconf 82' lang='lat' dir='ltr'>non</span> <span class='ocrx_word' id='word_1_364' title='bbox 1949 3588 2046 3680; x_wconf 84' lang='lat' dir='ltr'>capit,</span> <span class='ocrx_word' id='word_1_365' title='bbox 2069 3592 2115 3658; x_wconf 83' lang='lat' dir='ltr'>in·</span> 
     </span>
    </p>

    <p class='ocr_par' dir='ltr' id='par_1_11' title="bbox 290 3679 2228 3889">
     <span class='ocr_line' id='line_1_31' title="bbox 290 3679 2116 3787; baseline 0.003 -31"><span class='ocrx_word' id='word_1_366' title='bbox 290 3770 297 3777; x_wconf 34' lang='grc' dir='ltr'>Ι</span> <span class='ocrx_word' id='word_1_367' title='bbox 405 3691 589 3779; x_wconf 77' lang='lat' dir='ltr'>terpretari.</span> <span class='ocrx_word' id='word_1_368' title='bbox 641 3682 840 3760; x_wconf 64' lang='lat' dir='ltr'>AdiunCiam</span> <span class='ocrx_word' id='word_1_369' title='bbox 854 3704 965 3758; x_wconf 89' lang='lat' dir='ltr'>tamen</span> <span class='ocrx_word' id='word_1_370' title='bbox 980 3688 1065 3757; x_wconf 91' lang='lat' dir='ltr'>hanc</span> <span class='ocrx_word' id='word_1_371' title='bbox 1079 3684 1325 3758; x_wconf 84' lang='lat' dir='ltr'>translationem</span> <span class='ocrx_word' id='word_1_372' title='bbox 1340 3679 1503 3777; x_wconf 78' lang='lat' dir='ltr'>Aeschylo</span> <span class='ocrx_word' id='word_1_373' title='bbox 1518 3681 1626 3756; x_wconf 89' lang='lat' dir='ltr'>videre</span> <span class='ocrx_word' id='word_1_374' title='bbox 1638 3684 1683 3758; x_wconf 89' lang='lat' dir='ltr'>ell</span> <span class='ocrx_word' id='word_1_375' title='bbox 1695 3683 1897 3787; x_wconf 73' lang='lat' dir='ltr'>in&#39;Corpore</span> <span class='ocrx_word' id='word_1_376' title='bbox 1917 3714 2116 3787; x_wconf 84' lang='lat' dir='ltr'>graecorum</span> 
     </span>
     <span class='ocr_line' id='line_1_32' title="bbox 405 3787 2228 3889; baseline 0.003 -29"><span class='ocrx_word' id='word_1_377' title='bbox 405 3809 580 3887; x_wconf 90' lang='lat' dir='ltr'>poetarum</span> <span class='ocrx_word' id='word_1_378' title='bbox 595 3795 808 3889; x_wconf 83' lang='lat' dir='ltr'>tragicorum,</span> <span class='ocrx_word' id='word_1_379' title='bbox 835 3794 1061 3883; x_wconf 82' lang='lat' dir='ltr'>comiconrm,</span> <span class='ocrx_word' id='word_1_380' title='bbox 1085 3787 1270 3881; x_wconf 87' lang='lat' dir='ltr'>lyricorum</span> <span class='ocrx_word' id='word_1_381' title='bbox 1284 3809 1316 3862; x_wconf 89' lang='lat' dir='ltr'>et</span> <span class='ocrx_word' id='word_1_382' title='bbox 1329 3792 1707 3888; x_wconf 83' lang='lat' dir='ltr'>epigrarnnratariorum,</span> <span class='ocrx_word' id='word_1_383' title='bbox 1732 3788 1821 3889; x_wconf 87' lang='lat' dir='ltr'>quod</span> <span class='ocrx_word' id='word_1_384' title='bbox 1836 3817 1952 3889; x_wconf 84' lang='lat' dir='ltr'>graece</span> <span class='ocrx_word' id='word_1_385' title='bbox 1964 3814 1997 3865; x_wconf 91' lang='lat' dir='ltr'>et</span> <span class='ocrx_word' id='word_1_386' title='bbox 2017 3788 2116 3866; x_wconf 84' lang='lat' dir='ltr'>latine</span> <span class='ocrx_word' id='word_1_387' title='bbox 2223 3805 2228 3813; x_wconf 85' lang='grc'>’</span> 
     </span>
    </p>

    <p class='ocr_par' dir='ltr' id='par_1_12' title="bbox 363 3885 2116 3990">
     <span class='ocr_line' id='line_1_33' title="bbox 363 3885 2116 3990; baseline 0.005 -28"><span class='ocrx_word' id='word_1_388' title='bbox 363 3944 367 3950; x_wconf 82' lang='lat'>-</span> <span class='ocrx_word' id='word_1_389' title='bbox 406 3889 531 3965; x_wconf 91' lang='lat' dir='ltr'>editum</span> <span class='ocrx_word' id='word_1_390' title='bbox 546 3894 590 3967; x_wconf 88' lang='lat' dir='ltr'>est</span> <span class='ocrx_word' id='word_1_391' title='bbox 603 3896 772 3981; x_wconf 89' lang='lat' dir='ltr'>Geneuae,</span> <span class='ocrx_word' id='word_1_392' title='bbox 797 3900 880 3979; x_wconf 81' lang='lat'>1614.</span> <span class='ocrx_word' id='word_1_393' title='bbox 893 3885 955 3966; x_wconf 90' lang='lat' dir='ltr'>sol.</span> <span class='ocrx_word' id='word_1_394' title='bbox 1006 3895 1164 3977; x_wconf 83' lang='lat' dir='ltr'>Ceterum</span> <span class='ocrx_word' id='word_1_395' title='bbox 1177 3898 1327 3990; x_wconf 84' lang='lat' dir='ltr'>egregios</span> <span class='ocrx_word' id='word_1_396' title='bbox 1339 3891 1430 3963; x_wconf 81' lang='lat' dir='ltr'>Grais.</span> <span class='ocrx_word' id='word_1_397' title='bbox 1450 3892 1585 3964; x_wconf 74' lang='lat' dir='ltr'>canam</span> <span class='ocrx_word' id='word_1_398' title='bbox 1597 3910 1630 3963; x_wconf 87' lang='lat' dir='ltr'>et</span> <span class='ocrx_word' id='word_1_399' title='bbox 1643 3892 1748 3985; x_wconf 81' lang='lat' dir='ltr'>Isauri</span> <span class='ocrx_word' id='word_1_400' title='bbox 1764 3894 1948 3988; x_wconf 74' lang='lat' dir='ltr'>casauboni</span> <span class='ocrx_word' id='word_1_401' title='bbox 1969 3920 2116 3986; x_wconf 83' lang='lat' dir='ltr'>conatur,</span> 
     </span>
    </p>

    <p class='ocr_par' dir='ltr' id='par_1_13' title="bbox 407 3982 2114 4096">
     <span class='ocr_line' id='line_1_34' title="bbox 407 3982 2114 4096; baseline 0.006 -29"><span class='ocrx_word' id='word_1_402' title='bbox 407 4012 552 4093; x_wconf 84' lang='lat' dir='ltr'>quorum</span> <span class='ocrx_word' id='word_1_403' title='bbox 573 3982 683 4081; x_wconf 70' lang='lat' dir='ltr'>illem</span> <span class='ocrx_word' id='word_1_404' title='bbox 704 3996 951 4096; x_wconf 84' lang='lat' dir='ltr'>prolegomenis</span> <span class='ocrx_word' id='word_1_405' title='bbox 968 3992 1007 4065; x_wconf 89' lang='lat' dir='ltr'>ad</span> <span class='ocrx_word' id='word_1_406' title='bbox 1024 3986 1236 4087; x_wconf 90' lang='lat' dir='ltr'>Aeschylum,</span> <span class='ocrx_word' id='word_1_407' title='bbox 1262 3996 1394 4068; x_wconf 88' lang='lat' dir='ltr'>latinam</span> <span class='ocrx_word' id='word_1_408' title='bbox 1413 3990 1615 4083; x_wconf 67' lang='lat' dir='ltr'>versionem,</span> <span class='ocrx_word' id='word_1_409' title='bbox 1640 3993 1744 4092; x_wconf 87' lang='lat' dir='ltr'>hicio</span> <span class='ocrx_word' id='word_1_410' title='bbox 1758 4003 1843 4091; x_wconf 85' lang='lat' dir='ltr'>notia</span> <span class='ocrx_word' id='word_1_411' title='bbox 1855 3997 1896 4071; x_wconf 90' lang='lat' dir='ltr'>ad</span> <span class='ocrx_word' id='word_1_412' title='bbox 1912 3996 1967 4074; x_wconf 79' lang='lat' dir='ltr'>lib:</span> <span class='ocrx_word' id='word_1_413' title='bbox 1985 4007 2011 4073; x_wconf 87' lang='lat'>1.</span> <span class='ocrx_word' id='word_1_414' title='bbox 2024 4023 2058 4075; x_wconf 93' lang='lat' dir='ltr'>et</span> <span class='ocrx_word' id='word_1_415' title='bbox 2072 4006 2114 4077; x_wconf 81' lang='lat' dir='ltr'>V.</span> 
     </span>
    </p>

    <p class='ocr_par' dir='ltr' id='par_1_14' title="bbox 407 4091 1914 4200">
     <span class='ocr_line' id='line_1_35' title="bbox 407 4091 1914 4200; baseline 0.004 -32"><span class='ocrx_word' id='word_1_416' title='bbox 407 4100 591 4187; x_wconf 77' lang='lat' dir='ltr'>Strabonis,</span> <span class='ocrx_word' id='word_1_417' title='bbox 613 4124 739 4173; x_wconf 86' lang='lat' dir='ltr'>nouam</span> <span class='ocrx_word' id='word_1_418' title='bbox 755 4097 933 4173; x_wconf 79' lang='lat' dir='ltr'>editionem</span> <span class='ocrx_word' id='word_1_419' title='bbox 949 4091 1103 4192; x_wconf 87' lang='lat' dir='ltr'>Aeschyli</span> <span class='ocrx_word' id='word_1_420' title='bbox 1121 4124 1200 4171; x_wconf 88' lang='lat' dir='ltr'>cum</span> <span class='ocrx_word' id='word_1_421' title='bbox 1213 4103 1299 4170; x_wconf 78' lang='lat' dir='ltr'>notia</span> <span class='ocrx_word' id='word_1_422' title='bbox 1313 4095 1555 4195; x_wconf 76' lang='lat' dir='ltr'>pollicitueesl,</span> <span class='ocrx_word' id='word_1_423' title='bbox 1570 4092 1645 4190; x_wconf 87' lang='lat' dir='ltr'>sata</span> <span class='ocrx_word' id='word_1_424' title='bbox 1666 4104 1914 4200; x_wconf 85' lang='lat' dir='ltr'>interceperunt.</span> 
     </span>
    </p>
   </div>
   <div class='ocr_carea' id='block_1_7' title="bbox 407 4200 2115 4425">
    <p class='ocr_par' dir='ltr' id='par_1_15' title="bbox 407 4200 2115 4425">
     <span class='ocr_line' id='line_1_36' title="bbox 469 4200 2115 4339; baseline 0.012 -50"><span class='ocrx_word' id='word_1_425' title='bbox 469 4280 473 4289; x_wconf 75' lang='grc'><strong><em>,</em></strong></span> <span class='ocrx_word' id='word_1_426' title='bbox 510 4240 643 4339; x_wconf 77' lang='lat' dir='ltr'>canteri</span> <span class='ocrx_word' id='word_1_427' title='bbox 657 4200 756 4324; x_wconf 82' lang='lat' dir='ltr'>editio</span> <span class='ocrx_word' id='word_1_428' title='bbox 771 4230 856 4317; x_wconf 56' lang='lat' dir='ltr'>salla</span> <span class='ocrx_word' id='word_1_429' title='bbox 874 4230 918 4305; x_wconf 89' lang='lat' dir='ltr'>ell</span> <span class='ocrx_word' id='word_1_430' title='bbox 935 4228 1014 4333; x_wconf 84' lang='lat' dir='ltr'>basia</span> <span class='ocrx_word' id='word_1_431' title='bbox 1026 4226 1185 4333; x_wconf 80' lang='lat' dir='ltr'>sequentis</span> <span class='ocrx_word' id='word_1_432' title='bbox 1202 4221 1375 4318; x_wconf 70' lang='lat' dir='ltr'>indicens,</span> <span class='ocrx_word' id='word_1_433' title='bbox 1400 4256 1484 4332; x_wconf 87' lang='lat' dir='ltr'>quae</span> <span class='ocrx_word' id='word_1_434' title='bbox 1497 4250 1529 4303; x_wconf 90' lang='lat' dir='ltr'>et</span> <span class='ocrx_word' id='word_1_435' title='bbox 1544 4228 1637 4305; x_wconf 79' lang='lat' dir='ltr'>dotet</span> <span class='ocrx_word' id='word_1_436' title='bbox 1650 4226 1855 4333; x_wconf 90' lang='lat' dir='ltr'>superiorum</span> <span class='ocrx_word' id='word_1_437' title='bbox 1867 4240 1965 4311; x_wconf 87' lang='lat' dir='ltr'>habet</span> <span class='ocrx_word' id='word_1_438' title='bbox 1980 4244 2115 4314; x_wconf 85' lang='lat' dir='ltr'>coniun-</span> 
     </span>
     <span class='ocr_line' id='line_1_37' title="bbox 407 4324 1368 4425; baseline -0.059 6"><span class='ocrx_word' id='word_1_439' title='bbox 407 4336 485 4425; x_wconf 49' lang='grc' dir='ltr'>ὡς,</span> <span class='ocrx_word' id='word_1_440' title='bbox 508 4358 540 4411; x_wconf 88' lang='lat' dir='ltr'>et</span> <span class='ocrx_word' id='word_1_441' title='bbox 554 4366 632 4413; x_wconf 87' lang='lat' dir='ltr'>vero</span> <span class='ocrx_word' id='word_1_442' title='bbox 648 4332 736 4412; x_wconf 75' lang='lat' dir='ltr'>no&#39;ua</span> <span class='ocrx_word' id='word_1_443' title='bbox 750 4354 961 4411; x_wconf 87' lang='lat' dir='ltr'>ornamenta:</span> <span class='ocrx_word' id='word_1_444' title='bbox 983 4324 988 4345; x_wconf 68' lang='lat'>⁸</span> <span class='ocrx_word' id='word_1_445' title='bbox 1225 4332 1231 4342; x_wconf 85' lang='grc'><em>·</em></span> <span class='ocrx_word' id='word_1_446' title='bbox 1359 4340 1368 4355; x_wconf 80' lang='grc'><em>·</em></span> 
     </span>
    </p>
   </div>
   <div class='ocr_carea' id='block_1_8' title="bbox 254 4412 2136 4661">
    <p class='ocr_par' dir='ltr' id='par_1_16' title="bbox 254 4412 2136 4661">
     <span class='ocr_line' id='line_1_38' title="bbox 431 4412 2136 4553; baseline 0.004 -31"><span class='ocrx_word' id='word_1_447' title='bbox 431 4494 435 4503; x_wconf 80' lang='lat'>·</span> <span class='ocrx_word' id='word_1_448' title='bbox 508 4453 657 4552; x_wconf 73' lang='lat' dir='ltr'>Aeschyli</span> <span class='ocrx_word' id='word_1_449' title='bbox 673 4431 731 4525; x_wconf 82' lang='lat' dir='ltr'>Tr.</span> <span class='ocrx_word' id='word_1_450' title='bbox 747 4452 790 4525; x_wconf 92' lang='lat' dir='ltr'><em>V</em></span> <span class='ocrx_word' id='word_1_451' title='bbox 786 4452 838 4521; x_wconf 89' lang='lat' dir='ltr'>II.</span> <span class='ocrx_word' id='word_1_452' title='bbox 858 4474 935 4521; x_wconf 90' lang='lat' dir='ltr'>eum</span> <span class='ocrx_word' id='word_1_453' title='bbox 952 4442 1081 4519; x_wconf 83' lang='lat' dir='ltr'>scholiis</span> <span class='ocrx_word' id='word_1_454' title='bbox 1095 4453 1219 4545; x_wconf 82' lang='lat' dir='ltr'>graecia</span> <span class='ocrx_word' id='word_1_455' title='bbox 1236 4448 1407 4535; x_wconf 85' lang='lat' dir='ltr'>omnibus,</span> <span class='ocrx_word' id='word_1_456' title='bbox 1432 4443 1680 4547; x_wconf 89' lang='lat' dir='ltr'>deperditorum</span> <span class='ocrx_word' id='word_1_457' title='bbox 1701 4412 1889 4527; x_wconf 81' lang='lat' dir='ltr'>dramatum</span> <span class='ocrx_word' id='word_1_458' title='bbox 1910 4452 2136 4553; x_wconf 73' lang='lat' dir='ltr'>fragmentis„</span> 
     </span>
     <span class='ocr_line' id='line_1_39' title="bbox 254 4545 2114 4661; baseline 0.008 -41"><span class='ocrx_word' id='word_1_459' title='bbox 254 4618 258 4632; x_wconf 80' lang='grc'><em>,</em></span> <span class='ocrx_word' id='word_1_460' title='bbox 343 4576 349 4592; x_wconf 92' lang='grc'><em>·</em></span> <span class='ocrx_word' id='word_1_461' title='bbox 390 4552 554 4630; x_wconf 80' lang='lat' dir='ltr'>&#39;verfione</span> <span class='ocrx_word' id='word_1_462' title='bbox 575 4576 606 4630; x_wconf 90' lang='lat' dir='ltr'>et</span> <span class='ocrx_word' id='word_1_463' title='bbox 627 4557 872 4629; x_wconf 89' lang='lat' dir='ltr'>commentario</span> <span class='ocrx_word' id='word_1_464' title='bbox 889 4552 1177 4623; x_wconf 80' lang='lat' dir='ltr'>ThonarStanlrii.</span> <span class='ocrx_word' id='word_1_465' title='bbox 1203 4548 1366 4648; x_wconf 73' lang='lat' dir='ltr'>londini,</span> <span class='ocrx_word' id='word_1_466' title='bbox 1398 4556 1485 4651; x_wconf 87' lang='lat' dir='ltr'>typis</span> <span class='ocrx_word' id='word_1_467' title='bbox 1500 4556 1566 4624; x_wconf 80' lang='lat' dir='ltr'>lac.</span> <span class='ocrx_word' id='word_1_468' title='bbox 1581 4545 1727 4626; x_wconf 88' lang='lat' dir='ltr'>Flesher.</span> <span class='ocrx_word' id='word_1_469' title='bbox 1755 4560 1845 4653; x_wconf 80' lang='lat'>1663.</span> <span class='ocrx_word' id='word_1_470' title='bbox 1869 4558 1957 4661; x_wconf 87' lang='lat' dir='ltr'>apud</span> <span class='ocrx_word' id='word_1_471' title='bbox 1977 4563 2114 4637; x_wconf 88' lang='lat' dir='ltr'>Cornel.</span> 
     </span>
    </p>
   </div>
   <div class='ocr_carea' id='block_1_9' title="bbox 405 4630 2242 4839">
    <p class='ocr_par' dir='ltr' id='par_1_17' title="bbox 405 4630 2242 4839">
     <span class='ocr_line' id='line_1_40' title="bbox 405 4630 2242 4754; baseline -0.009 -23"><span class='ocrx_word' id='word_1_472' title='bbox 405 4630 1213 4754; x_wconf 53' lang='lat' dir='ltr'>mmammmmmmt</span> <span class='ocrx_word' id='word_1_473' title='bbox 2239 4728 2242 4738; x_wconf 22' lang='lat'>¹</span> 
     </span>
     <span class='ocr_line' id='line_1_41' title="bbox 746 4763 2116 4839; baseline -0.007 9"><span class='ocrx_word' id='word_1_474' title='bbox 746 4789 751 4796; x_wconf 83' lang='grc'><strong>’</strong></span> <span class='ocrx_word' id='word_1_475' title='bbox 1220 4784 1227 4815; x_wconf 84' lang='grc'><strong>“</strong></span> <span class='ocrx_word' id='word_1_476' title='bbox 1989 4763 2116 4839; x_wconf 85' lang='lat' dir='ltr'>Eadem</span> 
     </span>
    </p>
   </div>
   <div class='ocr_carea' id='block_1_10' title="bbox 359 4842 2115 5137">
    <p class='ocr_par' dir='ltr' id='par_1_18' title="bbox 359 4842 2115 5137">
     <span class='ocr_line' id='line_1_42' title="bbox 375 4842 2115 4970; baseline -0.005 -7"><span class='ocrx_word' id='word_1_477' title='bbox 375 4944 382 4957; x_wconf 71' lang='lat'><em>-</em></span> <span class='ocrx_word' id='word_1_478' title='bbox 448 4895 489 4970; x_wconf 73' lang='lat' dir='ltr'>it)-</span> <span class='ocrx_word' id='word_1_479' title='bbox 505 4894 682 4959; x_wconf 81' lang='lat' dir='ltr'>Sanrauius</span> <span class='ocrx_word' id='word_1_480' title='bbox 695 4906 819 4957; x_wconf 80' lang='lat' dir='ltr'>voratur</span> <span class='ocrx_word' id='word_1_481' title='bbox 832 4892 864 4951; x_wconf 90' lang='lat' dir='ltr'>in</span> <span class='ocrx_word' id='word_1_482' title='bbox 877 4888 1017 4968; x_wconf 73' lang='lat' dir='ltr'>catalogo</span> <span class='ocrx_word' id='word_1_483' title='bbox 1035 4886 1180 4949; x_wconf 85' lang='lat' dir='ltr'>librorum</span> <span class='ocrx_word' id='word_1_484' title='bbox 1199 4888 1237 4947; x_wconf 87' lang='lat' dir='ltr'>ab</span> <span class='ocrx_word' id='word_1_485' title='bbox 1284 4908 1331 4947; x_wconf 87' lang='lat' dir='ltr'>an.</span> <span class='ocrx_word' id='word_1_486' title='bbox 1354 4900 1428 4957; x_wconf 82' lang='grc' dir='ltr'><strong>ιςιο.</strong></span> <span class='ocrx_word' id='word_1_487' title='bbox 1457 4882 1628 4951; x_wconf 73' lang='lat' dir='ltr'>axxvn.</span> <span class='ocrx_word' id='word_1_488' title='bbox 1644 4842 1743 4952; x_wconf 51' lang='lat' dir='ltr'>Nous</span> <span class='ocrx_word' id='word_1_489' title='bbox 1761 4890 1821 4953; x_wconf 76' lang='lat' dir='ltr'>vid</span> <span class='ocrx_word' id='word_1_490' title='bbox 1844 4896 1966 4955; x_wconf 79' lang='lat' dir='ltr'>Martini</span> <span class='ocrx_word' id='word_1_491' title='bbox 1986 4901 2115 4961; x_wconf 80' lang='lat' dir='ltr'>Hanekii</span> 
     </span>
     <span class='ocr_line' id='line_1_43' title="bbox 359 4968 2081 5066; baseline -0.011 -20"><span class='ocrx_word' id='word_1_492' title='bbox 359 5004 367 5030; x_wconf 74' lang='lat'>=</span> <span class='ocrx_word' id='word_1_493' title='bbox 406 4985 542 5066; x_wconf 88' lang='lat' dir='ltr'>Oporino</span> <span class='ocrx_word' id='word_1_494' title='bbox 563 4978 744 5042; x_wconf 83' lang='lat' dir='ltr'>excusorum.</span> <span class='ocrx_word' id='word_1_495' title='bbox 801 4976 856 5037; x_wconf 85' lang='lat' dir='ltr'>Sed</span> <span class='ocrx_word' id='word_1_496' title='bbox 875 4976 1108 5039; x_wconf 79' lang='lat' dir='ltr'>Sauermonnur</span> <span class='ocrx_word' id='word_1_497' title='bbox 1128 4991 1236 5033; x_wconf 84' lang='lat' dir='ltr'>nornen</span> <span class='ocrx_word' id='word_1_498' title='bbox 1284 4968 1394 5035; x_wconf 82' lang='lat' dir='ltr'>libnrm</span> <span class='ocrx_word' id='word_1_499' title='bbox 1413 4968 1450 5031; x_wconf 83' lang='lat' dir='ltr'>tle</span> <span class='ocrx_word' id='word_1_500' title='bbox 1465 4970 1569 5035; x_wconf 80' lang='lat' dir='ltr'>Sileliia</span> <span class='ocrx_word' id='word_1_501' title='bbox 1589 4972 1733 5054; x_wconf 71' lang='lat' dir='ltr'>iudige&#39;nie</span> <span class='ocrx_word' id='word_1_502' title='bbox 1747 4977 1885 5052; x_wconf 52' lang='lat' dir='ltr'>cadim,</span> <span class='ocrx_word' id='word_1_503' title='bbox 1908 5000 2030 5066; x_wconf 67' lang='lat'>⁶⁸1³·55·</span> <span class='ocrx_word' id='word_1_504' title='bbox 2076 5020 2081 5027; x_wconf 90' lang='lat'>.</span> 
     </span>
     <span class='ocr_line' id='line_1_44' title="bbox 408 5060 2106 5137; baseline -0.015 -8"><span class='ocrx_word' id='word_1_505' title='bbox 408 5073 471 5132; x_wconf 79' lang='lat' dir='ltr'>eius</span> <span class='ocrx_word' id='word_1_506' title='bbox 484 5066 550 5129; x_wconf 79' lang='lat' dir='ltr'>fiat.</span> <span class='ocrx_word' id='word_1_507' title='bbox 588 5061 886 5135; x_wconf 76' lang='lat' dir='ltr'>Obiithtielauiae,</span> <span class='ocrx_word' id='word_1_508' title='bbox 902 5060 953 5121; x_wconf 85' lang='lat' dir='ltr'>vbi</span> <span class='ocrx_word' id='word_1_509' title='bbox 970 5062 1150 5129; x_wconf 81' lang='lat' dir='ltr'>canonicum</span> <span class='ocrx_word' id='word_1_510' title='bbox 1164 5061 1235 5137; x_wconf 62' lang='lat' dir='ltr'>egit,</span> <span class='ocrx_word' id='word_1_511' title='bbox 1377 5107 1380 5116; x_wconf 96' lang='grc'><em>,</em></span> <span class='ocrx_word' id='word_1_512' title='bbox 1877 5074 1887 5083; x_wconf 88' lang='grc'>·</span> <span class='ocrx_word' id='word_1_513' title='bbox 2098 5076 2106 5088; x_wconf 64' lang='lat'>„</span> 
     </span>
    </p>
   </div>
   <div class='ocr_carea' id='block_1_11' title="bbox 0 0 2364 5809">
    <p class='ocr_par' dir='ltr' id='par_1_19' title="bbox 0 0 2364 5809">
     <span class='ocr_line' id='line_1_45' title="bbox 0 0 2364 5809; baseline 0 0"><span class='ocrx_word' id='word_1_514' title='bbox 0 0 2364 5809; x_wconf 95' lang='lat' dir='ltr'> </span> 
     </span>
    </p>
   </div>
  </div>
 </body>
</html>
