4700 5809
291 252 315 313 N
516 276 518 283 ’
646 292 651 324 t

258 450 548 553 anaante
637 505 639 515 ,
835 476 838 485 ’
927 482 1050 585 mine
1092 431 1358 580 exstant]
1477 438 1821 571 crastenum.
1873 479 1876 486 '
1924 440 1984 591 243
2022 440 2051 577 J

259 678 294 769 8)
320 672 344 753 ‘1
352 655 593 754 ΚΕἭΔῈΣ.
641 664 817 765 Srrppsi'cer,
842 674 875 744 in
892 674 1010 771 quibus
1025 663 1197 777 'egregium'
1207 673 1339 752 diuinae
1353 643 1589 779 prouidentiae,
1615 670 1729 757 omnia
1743 690 1776 757 in
1799 685 1886 759 bona
1909 637 1985 761 diri·

359 782 478 877 gentis,
502 774 649 875 perhibet
664 774 884 895 tessimonium
899 776 1084 877 Euripides.
1591 812 1597 817 ·
1755 806 1760 809 ·

256 933 295 1027 9)
319 922 623 1013 'Isple'NElh
682 928 725 1010 ‘H
750 936 780 1008 ἕν
805 912 1264 1019 'Aualin'IPHIGENtn
1296 940 1330 1006 in
1350 934 1490 1018 Aulida,
1515 939 1672 1011 Boeotiae
1695 934 1842 1039 oppido.
1884 945 1983 1017 Hanc
2020 906 2032 935 l

360 1040 560 1109 Germanico
577 1034 723 1107 dramate
737 1035 865 1109 liberius
879 1036 981 1135 paulu
998 1056 1030 1109 et
1043 1037 1221 1109 rationibus
1235 1036 1275 1111 ad
1303 1042 1439 1112 recentis
1460 1042 1573 1120 theatri
1595 1041 1684 1140 leges
1705 1052 1902 1143 comparatis
1926 1076 1985 1120 ex·

332 1132 466 1239 ¹presii't
482 1138 679 1234 Christianus
700 1142 860 1215 Hearicns
879 1136 1038 1233 Postrlhts
1053 1141 1290 1241 Hamburgi‘in
1305 1166 1339 1231 4.
1390 1146 1982 1241 iphigeniamEaniilaudatGellius
2019 1213 2023 1223 ,
2091 1222 2099 1228 .

360 1246 446 1316 XIX.
462 1268 513 1315 10.
566 1241 743 1316 Adeundus
760 1264 792 1315 et
806 1240 1078 1343 ingeniosissimus
1091 1250 1237 1321 Racinus
1251 1240 1454 1345 praefatione
1470 1245 1508 1317 ad
1526 1251 1727 1346 Iphigeniam
1747 1248 1838 1326 suam
1860 1252 1984 1330 Gallice
2022 1264 2030 1271 ’
2076 1255 2084 1317 ἶ

358 1342 591 1446 compositam,
617 1348 670 1420 vbi
684 1346 875 1447 Euripidem
890 1343 1039 1421 aduersus
1054 1344 1256 1423 Perraultuni
1273 1344 1427 1421 defendit.
1449 1352 1577 1421 Fatrn.
1598 1352 1670 1445 [Et
1691 1360 1808 1428 Recine
1833 1362 1867 1428 in
1890 1384 1984 1431 com-

353 1444 522 1552 paratione
543 1451 706 1551 Euripidis
733 1470 766 1524 et
785 1456 900 1525 Racini
921 1455 1027 1553 lphig.
1043 1456 1098 1524 in:
1112 1454 1220 1529 Mem.
1237 1450 1433 1532 de'Litterat.
1451 1451 1507 1525 des
1521 1450 1616 1528 snscr.
1633 1458 1699 1559 yol
1711 1460 1784 1533 IlX.
1797 1486 1830 1561 p.
1839 1461 1904 1550 360
1914 1458 1982 1563 sqq.

185 1578 201 1592 “
289 1614 291 1617 -
346 1556 470 1649 Harl]
1056 1636 1067 1653 κ

128 1714 131 1728 ⁴
259 1706 308 1771 ro)
333 1681 636 1771 '’Iorrss'rtfiln.
666 1686 709 1769 ‘H
724 1696 754 1769 ἓν
769 1684 923 1797 Ταύροις.
974 1690 1139 1785 Iphigenia
1157 1696 1191 1762 in
1207 1691 1328 1763 Tauris
1342 1693 1504 1785 Scythiae.
1537 1690 1627 1766 Vide
1637 1698 1815 1793 Hyginum
1831 1691 1896 1770 sab.
1914 1724 1996 1771 120.

288 1847 294 1873 .
358 1782 610 1893 satinevertisse
626 1788 668 1873 se,
703 1790 756 1867 sed
782 1788 850 1867 noh
875 1790 1006 1867 edidisse
1032 1798 1137 1896 Hugo
1159 1797 1301 1867 Grotius
1324 1794 1423 1894 Episl.
1449 1821 1517 1889 595.
1538 1812 1609 1885 348.
1634 1800 1761 1871 Febris.
1816 1794 2102 1899 Euripidis
2222 1777 2265 1911 ι·

360 1900 574 1998 cognominis
602 1893 698 1988 fnisse
715 1894 889 1995 suspicatur
905 1900 1060 1971 Henthiur
1077 1904 1110 1969 in
1135 1902 1247 1998 Eurip.
1268 1925 1298 1997 p.
1319 1913 1370 1985 83.
1394 1924 1477 1997 quae
1494 1894 1621 1998 profert
1644 1928 1683 1973 ex
1714 1905 1793 1975 Eur.
1814 1906 1984 2003 Iphigenia

358 2006 514 2075 helianus
527 1998 595 2074 duo
614 2002 699 2081 loca,
714 2002 987 2099 interpretatione
1000 2008 1090 2073 iuuat
1107 1996 1318 2101 defenditque
1329 2002 1558 2075 Hurdionin:
1573 2003 1658 2079 Hiii.
1673 2003 1775 2081 head.
1799 2008 1869 2079 Par.
1885 2006 1983 2087 Inscr.

263 2138 272 2156 .
358 2128 437 2215 sm·
457 2112 513 2179 111,
527 2132 559 2207 p,
577 2132 643 2195 ²04
662 2100 728 2204 sqq.
743 2102 820 2202 vers.
836 2132 985 2206 german.
1002 2100 1189 2183 Gottsched
1215 2106 1316 2180 Hnrs.
1761 2188 1769 2197 .
1943 2130 1949 2138 ’
2040 2164 2043 2170 ’
2108 2210 2112 2219 ,

260 2264 305 2357 Ιιι)
330 2256 540 2341 ῬΗ”ΣΟΣ,
569 2257 694 2356 Rhesus
712 2258 871 2359 Sophocli
888 2256 1037 2332 tribuitur
1053 2287 1069 2331 a
1085 2255 1144 2332 los.
1160 2260 1324 2359 Scaligero
1338 2258 1527 2359 prolegom.
1552 2258 1591 2334 ad
1608 2264 1797 2350 Manilium,
1822 2264 1880 2361 [if]
1906 2264 1983 2339 licet
2093 2234 2099 2245 Ι

359 2361 425 2464 ipse
445 2358 601 2488 latratur,
641 2390 657 2433 a
677 2363 841 2463 peteribrrs
863 2367 980 2435 criticis
1000 2360 1147 2483 Euripidi
1174 2360 1367 2462 adscriptam
1389 2369 1456 2437 hoc
1475 2387 1682 2465 aqgumenm,
1712 2362 1806 2457 ,ἕηῇ
1831 2372 1907 2472 me}
1931 2366 1982 2449 ταὶ
2057 2438 2070 2465 s
2128 2453 2132 2457 Α
2239 2388 2242 2391 ,

305 2528 307 2537 .
359 2500 536 2572 peraperta
553 2472 583 2543 ἓν
600 2461 693 2559 αὗτῇ
706 2459 1025 2569 πολυπραγμοσύνη
1038 2496 1097 2543 τον
1116 2458 1287 2565 Edonidas
1310 2466 1480 2567 ὁμολογεῖ.
1533 2474 1621 2541 Mihi
1636 2492 1668 2542 et
1692 2476 1882 2545 criticorum
1908 2474 1982 2548 iilo·

359 2600 433 2645 rum
449 2593 480 2645 et
493 2576 593 2643 critici
610 2567 730 2642 summi
745 2570 896 2669 Scaligeri
914 2589 1145 2669 argumentum
1163 2576 1195 2640 in
1210 2576 1367 2642 utramuis
1386 2592 1512 2669 partem
1532 2568 1660 2645 videtur
1683 2575 1866 2649 admodum
1890 2576 1982 2650 leue:

360 2672 416 2748 sed
431 2702 498 2775 quo
514 2672 804 2771 minusscaligero
818 2668 983 2758 adsentiar,
1008 2668 1085 2757 facit
1100 2670 1296 2773 scriptorum
1311 2680 1526 2773 antiquorum
1542 2678 1725 2760 arduitas,
1751 2682 1808 2776 qui
1836 2677 1981 2754 Rhesum

363 2787 494 2851 citantes
512 2774 579 2849 stne
595 2773 866 2877 tergiuersatione'
878 2776 916 2850 ad
932 2777 1100 2851 audiorem
1123 2774 1270 2849 referunt
1288 2764 1491 2875 Euripidem.
1546 2782 1674 2850 Summi
1699 2785 1828 2853 Petitur
1852 2781 1982 2857 titillar-

363 2886 428 2977 cho
446 2872 600 2955 tribuebat
621 2884 790 2979 Tragic0,
818 2880 982 2979 Euripidis
1005 2878 1141 2979 aequali,
1156 2872 1213 2955 lll.
1235 2904 1290 2954 22.
1314 2878 1411 2956 misc.
1467 2881 1529 2952 Sed
1551 2880 1644 2953 locus
1665 2880 1816 2974 Didymi,
1843 2911 1912 2984 quo
1936 2892 1982 2960 in·
2018 2949 2022 2955 .

360 3008 444 3059 certa
463 2992 528 3058 eius
542 2983 728 3059 coniedlura
742 2986 865 3069 nititur,
893 2988 1154 3057 Grammaticum
1173 2986 1393 3058 Aristarchum
1410 2982 1554 3083 respicit,
1580 3012 1651 3059 non
1669 2986 1864 3087 Tragicum.
1881 2992 1980 3065 Febr.
2127 3018 2142 3029 “
2176 3028 2179 3035 ·

219 3090 224 3097 ’
363 3100 404 3167 At
418 3096 508 3164 enim
524 3092 562 3161 ab
578 3090 757 3169 Hardiune,
782 3092 830 3177 (in
846 3082 933 3161 Diis.¹
944 3086 1044 3179 sur-la
1057 3088 1224 3188 Trage'die
1241 3085 1281 3160 de
1304 3086 1441 3177 Rhesus,
1466 3096 1501 3160 in
1523 3094 1631 3165 Mem.
1650 3090 1695 3167 de
1714 3094 1788 3167 Litt'.
1809 3092 1865 3164 des
1884 3091 1980 3167 inser.

366 3216 449 3266 tom.
465 3197 504 3267 X.
520 3222 552 3293 p.
569 3218 623 3281 322
640 3190 742 3290 sqq.a
764 3192 806 3263 V
802 3191 976 3265 nsesennrio
995 3197 1027 3263 in
1045 3193 1181 3267 Diatrib.
1203 3190 1376 3291 Euripidea
1401 3221 1471 3293 cap.
1495 3195 1552 3266 IX:
1573 3212 1605 3267 et
1625 3198 1662 3266 Χ.
1687 3200 1720 3265 in
1744 3200 1856 3293 primis
1878 3226 1895 3269 a
1921 3199 1982 3271 cel.
2091 3246 2096 3251 -
2209 3296 2214 3304 .

287 3318 292 3327 “
365 3297 482 3393 Chrys.
499 3298 588 3373 Dan.
603 3296 713 3369 Baebio
730 3299 763 3367 in
776 3292 933 3394 singulari
952 3300 1234 3367 commentatione
1250 3295 1418 3395 quondam
1433 3296 1527 3381 edita,
1553 3316 1584 3367 et
1597 3302 1767 3372 tetradiata
1788 3308 1985 3400 repetitaque

362 3409 395 3475 iu
409 3403 484 3475 edit.
502 3398 677 3499 Euripidis,
693 3418 776 3472 turn.
793 3402 848 3471 lll.
874 3426 906 3497 p.
921 3422 984 3488 444
999 3394 1066 3498 sqq.
1090 3397 1188 3472 dosle
1207 3396 1423 3497 abundeque,
1452 3396 1575 3485 credo,
1607 3404 1750 3473 enidium
1775 3403 1831 3490 eil,
1859 3424 1984 3502 tragoe-

358 3504 446 3579 diam
461 3504 551 3577 illam
562 3501 675 3603 ¹neque
689 3502 728 3575 ab
739 3502 909 3600 Sophocle
927 3528 987 3575 nec
1002 3504 1040 3575 ab
1057 3500 1214 3602 Euripide
1228 3498 1376 3598 scriptam
1394 3497 1468 3576 eise.
1522 3508 1649 3575 Praeter
1664 3531 1701 3575 ea
1715 3506 1869 3577 Hardion
1887 3519 1984 3607 quae·
2091 3540 2094 3543 ⁴

364 3610 439 3682 dam
466 3608 540 3681 loca
568 3608 656 3681 illius
677 3604 863 3707 tragoediae
883 3614 1023 3681 correxit
1046 3612 1098 3677 in:
1120 3606 1205 3679 Hiil.
1223 3603 1264 3677 de
1276 3607 1300 3692 l'
1309 3606 1410 3679 head.
1430 3603 1486 3704 des
1503 3600 1601 3678 Inscr.
1629 3625 1714 3680 tom.
1730 3612 1784 3683 IX.
1806 3636 1838 3709 p.
1859 3633 1903 3699 44
1918 3607 1984 3709 sqq.

364 3715 404 3787 V
402 3714 517 3789 aleten.
532 3708 593 3784 alia
607 3710 726 3785 incedit
741 3718 793 3783 'via
807 3710 845 3783 ad
866 3708 1123 3811 oppugnandam
1146 3708 1316 3808 vulgarem
1339 3713 1548 3806 opinionem,
1577 3734 1615 3780 ac
1636 3708 1807 3807 Hardiori‚
1832 3706 1985 3787 eamdem

260 3814 281 3869 .'
364 3839 474 3890 tanren
493 3834 614 3889 metam
632 3812 852 3914 consequitur,
881 3815 1047 3913 multaque
1063 3813 1123 3885 alia
1146 3817 1256 3887 critice
1274 3818 1459 3913 eximieque
1478 3815 1667 3910 pertradiat:
1699 3816 1758 3891 cel.
1771 3820 1866 3889 ·Btti
1887 3824 1984 3892 inter·
2049 3861 2051 3866 ·

363 3921 442 3994 dum
456 3916 588 3994 discedit
602 3920 641 3991 ab
657 3917 793 3993 illorum
808 3915 980 4006 sententiis,
1006 3914 1175 4017 copiosior
1187 3916 1233 3991 esi
1251 3923 1286 3990 in
1303 3916 1532 4015 comparandis
1545 3926 1643 4017 atque
1657 3918 1881 4007 examinandis
1899 3943 1985 4019 trag·
2100 3916 2109 3947 ³

135 4114 144 4121 ,
221 4032 247 4073 ’“
364 4021 604 4126 oqdiae=locis,
630 4049 713 4123 quae
729 4016 1038 4120 'neque‘Sophoclis
1068 4048 1177 4122 neque
1203 4019 1367 4124 Euripidis
1396 4026 1564 4121 ingenium
1591 4017 1729 4122 spirant,
1756 4026 1790 4096 in
1817 4022 1984 4097 laudandis

367 4124 606 4227 excitandisque
627 4147 695 4213 tam
720 4128 878 4199 veteribus
909 4152 1007 4225 quam
1038 4128 1272 4199 recentioribus
1294 4124 1521 4225 scriptoribus,
1552 4122 1659 4199 addita
1675 4124 1839 4201 interdum
1853 4132 1984 4227 opinio·

364 4260 448 4307 num
472 4228 615 4317 censura,
647 4216 849 4302 in'sanandis
869 4248 1040 4302 contextus
1069 4236 1176 4329 graeci
1200 4229 1409 4318 vulneribus,
1442 4248 1538 4329 atque
1558 4234 1592 4300 in
1613 4230 1777 4305 nobiliore
1803 4239 1876 4306 artis
1899 4238 1984 4305 criti·
2102 4301 2107 4322 ,

364 4364 420 4409 cae
442 4354 533 4433 parte
552 4329 864 4435 praeceptisquede
894 4328 1111 4431 dispositione
1136 4352 1169 4407 et
1194 4317 1265 4409 'fine
1297 4326 1500 4432 trago‘ediae,
1525 4335 1703 4436 ,viroribus
1736 4340 1806 4412 eius
1828 4362 1866 4409 ae
1886 4341 1983 4419 vitiis,
2033 4408 2036 4412 ,
2101 4361 2104 4365 ·

363 4460 395 4513 et
411 4438 453 4512 de
467 4439 615 4511 moribus
635 4444 671 4512 a'n
692 4464 729 4509 ea
744 4433 919 4534 expressis.
977 4436 1107 4515 Lo'cum
1130 4436 1310 4537 quemdam
1329 4444 1555 4534 interpretatur
1580 4438 1700 4534 Sassiae
1719 4443 1751 4509 in
1771 4436 1857 4513 Hiii.
1883 4435 1983 4512 h'cad.

364 4538 463 4615 lnscr.
485 4562 570 4641 part.
587 4544 743 4640 lll.'pag.
764 4560 839 4631 232.
860 4536 940 4612 vers.
961 4568 1110 4639 german.
1135 4538 1370 4615 Gottschediae.
1412 4537 1611 4633 Prostylos,
1637 4544 1692 4637 qui
1709 4545 1741 4611 in
1756 4566 1845 4612 noua
1868 4545 1982 4633 Brum.

152 4716 159 4723 .
302 4690 312 4696 -
367 4650 617 4743 theatrigraee.
644 4642 790 4752 editione
813 4664 897 4716 tom.
920 4648 992 4715 Vll.
1016 4668 1088 4747 pag.
1110 4658 1167 4733 538
1189 4641 1258 4743 sqq.
1286 4668 1425 4717 examen
1448 4645 1542 4713 huius
1561 4638 1687 4714 fabulae
1711 4642 1863 4730 inilituit,
1902 4650 1983 4715 eius·
2063 4630 2066 4635 ’
2110 4661 2114 4667 ’

327 4836 330 4841 Δ
368 4752 522 4848 que'vitia
536 4742 695 4844 exposuit,
719 4776 753 4847 p.
773 4760 853 4840 449.
870 4751 905 4817 iis
922 4774 992 4819 non
1010 4745 1153 4830 accedit,
1186 4752 1242 4846 qui
1265 4755 1403 4820 omneni
1427 4742 1572 4817 fabulam
1595 4770 1614 4815 e
1635 4770 1775 4816 nurnero
1795 4747 2005 4847 Euripidem-¹

368 4878 443 4925 rum
458 4858 604 4925 eximere
617 4852 726 4934 velint,
755 4872 888 4949 propter
901 4879 938 4923 ea
959 4850 1049 4951 quod
1071 4848 1197 4949 semper
1218 4856 1252 4921 in
1267 4874 1410 4923 numero
1426 4846 1610 4921 fabularum
1627 4851 1738 4947 Eurip.
1756 4845 1794 4919 iit
1809 4853 1924 4940 habita,
1951 4874 1983 4925 et

366 4956 551 5029 Carm‘elius
565 4952 707 5027 multum
727 4950 942 5034 lirnilitudinis
959 4962 1043 5027 inter
1056 4980 1160 5055 genus
1172 4948 1329 5026 scribendi
1344 4958 1439 5027 huius
1453 4972 1485 5025 et
1506 4952 1701 5051 reliquarum
1723 4946 1906 5027 fabularum
1928 4954 1983 5034 dea

284 5120 285 5125 ,
367 5054 586 5158 prehenderit.
639 5064 681 5131 ht
696 5061 862 5130 animiam
879 5058 1059 5159 anteplura
1076 5058 1168 5131 luslra
1185 5055 1337 5154 Euripidi
1353 5051 1683 5161 cognominissratris
1701 5054 1795 5144 filio,
1821 5060 1909 5132 velut
1929 5085 1984 5129 au·
2058 5070 2068 5163 J

639 5172 645 5188 '
1138 5190 1141 5197 ’
1197 5164 1309 5244 Hha
1406 5174 1412 5182 ⁴
1504 5200 1509 5208 ·
1904 5162 1988 5233 dlori
