4700 5809
395 475 498 543 .240
532 443 620 551 ¹uu
633 381 726 519 rr...
739 431 898 514 xrsrrr.
1002 435 1223 538 rutmors
1242 404 1565 513 'ruscorum
1871 430 2090 505 vous-uas
2104 432 2151 502 ua
2205 417 2210 422 ’

533 631 700 732 Aristoplu
711 620 1008 701 animaduersiones
1021 618 1175 700 defensor
1186 619 1304 698 exstitit
1319 623 1501 724 Euripidis,
1516 615 1673 708 'iulhdis
1693 620 1820 706 Erudit.
1840 618 1929 724 Lips.
1942 650 1973 698 a.
1989 637 2080 714 1748.
2099 625 2155 698 ubi

404 821 406 828 ,
535 733 681 814 Carmeli
695 730 771 806 edit.
784 723 978 828 percensuit,
1000 753 1037 826 -p.·
1054 751 1112 821 545
1126 722 1198 826 sqq.
1211 725 1328 801 decem
1342 751 1458 828 poetae
1478 734 1568 819 uitia,
1600 733 1636 802 in
1655 730 1806 813 Hecuba,
1832 754 1916 830 quae
1935 724 1997 826 ipfi
2018 724 2156 828 quidem

533 842 699 1022 gippsur,
722 826 909 952 commissu,¹
927 825 1147 952 persequitur,
1174 849 1208 906 et
1225 835 1262 903 iu
1279 828 1413 932 praefat.
1432 852 1620 990 memorata
1638 831 1829 935 uouplaue
1844 827 1988 908 absoluit
2008 852 2156 932 poetam.

309 1113 311 1119 ·
392 1127 402 1140 =
434 1087 475 1182 a)
496 1071 769 1166 ὈῩΡῘΣΤΗΣ
796 1068 961 1165 'Ortstcu
1011 1071 1182 1146 Archoute
1202 1069 1322 1144 Diocle
1343 1069 1485 1173 Olymp.
1508 1073 1613 1148 XCli.
1629 1095 1660 1162 4.
1689 1077 1758 1174 egit
1774 1068 2006 1173 Hegelochus,
2033 1064 2156 1143 derisus

536 1189 578 1260 ab
592 1177 817 1278 llrillophane,
839 1170 1024 1250 aStrattide
1038 1170 1071 1248 in
1086 1171 1334 1278 disrumpes
1348 1197 1381 1251 et
1393 1179 1603 1269 Sannyriouc
1618 1183 1654 1248 in
1666 1177 1792 1250 Danai.
1847 1172 1933 1248 Vide
1954 1171 2157 1247 Scholiasteu

534 1287 576 1364 ad
590 1315 621 1360 v.
636 1297 710 1375 278.
723 1302 754 1358 et
767 1305 833 1374 371.
868 1272 1069 1380 Expresserat
1083 1279 1181 1354 latina
1195 1265 1362 1382 tragdedia
1378 1278 1490 1372 Oreste
1506 1278 1574 1355 siue
1590 1278 1763 1376 Duloreste
1774 1283 1953 1374 Pacuuius,
1978 1284 2069 1350 cuius
2087 1304 2159 1350 me·

511 1467 513 1473 ,
533 1395 630 1466 minit
648 1392 765 1462 Cicero
778 1389 814 1458 iu
825 1380 954 1478 Laelio,
981 1379 1102 1472 Feslur,
1124 1385 1252 1456 Nouius
1266 1403 1327 1459 etc.
1378 1381 1464 1458 Vide
1476 1382 1678 1486 Scaligerum
1692 1380 1735 1456 ad
1747 1387 1936 1462 Varronem
1954 1407 1985 1480 p.
2001 1406 2059 1474 113.
2086 1384 2155 1455 Sui·
2208 1383 2216 1409 '

439 1515 442 1525 ¹
536 1487 593 1570 das
610 1496 694 1569 hanc
708 1485 911 1590 tragoediam
927 1489 1035 1560 tribuit
1050 1483 1202 1585 Euripidi
1215 1493 1321 1561 tertio'.
1372 1482 1573 1587 [Disputatio
1586 1493 1672 1561 inter
1686 1483 2041 1584 renum-vitiorium,
2058 1505 2091 1558 et
2113 1483 2154 1562 ls.

536 1595 672 1674 Calaub.
686 1589 779 1692 super
796 1589 942 1692 quodam
957 1587 1035 1664 loco
1050 1617 1090 1664 ex
1104 1587 1219 1665 Oreste
1232 1587 1397 1690 Euripidis
1412 1589 1514 1665 exilat
1526 1603 1561 1665 in
1576 1593 1675 1665 huius
1687 1587 1774 1688 apud
1789 1583 1906 1662 Cahm
1918 1600 2155 1676 monumentis,

374 1789 380 1798 ¹
536 1732 568 1803 p.
582 1716 622 1790 83
633 1695 682 1797 sq.
695 1719 727 1771 et
744 1723 775 1796 p.
790 1719 841 1789 175
852 1690 925 1796 sqq.
952 1695 1086 1787 Houor]
1134 1685 1186 1773 Ti
1205 1699 1242 1772 ἐκ
1259 1697 1322 1784 riis
1341 1690 1541 1798 'Hic'urpur
1554 1692 1641 1795 apud
1655 1697 1758 1796 Diog.
1769 1695 1875 1768 Lacrt.
1889 1695 1963 1768 Vll.
1977 1719 2046 1787 ¹72·
2060 1691 2157 1796 respi-

539 1813 582 1879 cit
600 1805 716 1878 locum
731 1806 765 1873 in
779 1799 940 1900 Euripidis
956 1795 1081 1884 Oresse,
1105 1815 1140 1870 ut
1152 1798 1268 1898 pulcre
1282 1820 1376 1871 notat
1394 1793 1431 1872 ls.
1448 1794 1586 1873 Casaub.
1665 1849 1668 1856 -
1874 1808 1883 1820 “

374 2046 396 2057 ,Ι
436 1967 471 2064 3)
496 1951 802 2048 uot‘utzztt.
840 1939 1060 2050 'Phormffim
1092 1947 1355 2052 Tragoediamm
1376 1950 1541 2052 Euripidis
1568 1946 1665 2028 facile
1699 1955 1861 2052 princeps.
1933 1951 2016 2026 Hoc
2042 1949 2156 2050 drama

539 2066 710 2138 Iohuuuuu
733 2060 952 2151 Huriuugutu
975 2079 1096 2155 magua
1117 2055 1214 2130 laude
1233 2075 1266 2130 et
1282 2051 1439 2155 applausu
1464 2057 1614 2156 friburgi
1641 2057 1908 2156 interpretantem
1933 2052 2089 2142 audiuisse
2113 2053 2157 2148 se,

539 2181 705 2243 memorat
731 2152 853 2258 Caspar
884 2157 1040 2232 Stiblinus
1068 2153 1202 2257 praefat.
1227 2155 1269 2232 ad
1297 2156 1503 2258 Euripidem.
1571 2154 1731 2260 Exposuit
1757 2183 1892 2260 quoque
1912 2157 2044 2259 publice
2071 2162 2158 2235 Dau.

540 2273 724 2360 Chytraeus
746 2259 937 2349 Rostochii,
962 2269 1046 2354 1561.
1076 2289 1108 2337 u.
1136 2265 1186 2335 lo.
1204 2259 1338 2339 Frederi
1362 2269 1505 2336 chorum
1530 2259 1698 2338 musarum
1723 2281 1759 2336 et
1782 2264 1961 2352 charitum,
2001 2260 2079 2363 pag.
2096 2289 2159 2360 135.

538 2369 590 2448 hd
615 2387 847 2470 argumentum
872 2361 1071 2438 Phoeuill'ar.
1091 2359 1185 2441 conf.
1214 2369 1314 2440 Statii
1331 2363 1502 2440 Thebaida
1527 2360 1643 2441 totam.
1693 2366 1837 2442 Diodor-
1860 2367 1957 2440 Situs.
1980 2369 2066 2442 Xlll.
2087 2391 2158 2461 2¹7·
2221 2415 2235 2436 .

428 2539 432 2560 ,
536 2477 677 2553 Arrius.¹
698 2472 837 2574 Epidiet.
859 2491 923 2561 215.
945 2495 991 2541 m.
1050 2469 1174 2543 Docuit
1196 2463 1384 2546 Phoenissas
1413 2474 1511 2544 etiam
1537 2471 1580 2542 L.
1601 2470 1721 2543 Accius
1740 2461 1879 2572 tragicus
1898 2468 2030 2555 latinus,
2054 2490 2087 2545 et
2108 2474 2160 2544 Se·

433 2636 437 2646 .
538 2603 621 2658 ortu.
654 2577 782 2650 Fabric.
852 2565 1138 2672 Elegantissrmum
1164 2569 1211 2647 esl
1233 2593 1269 2648 et
1283 2569 1560 2648 ‘amoenitlimum
1587 2574 1816 2663 humanitatis,
1848 2571 1948 2670 (linc,
1982 2583 2019 2648 ut
2034 2573 2161 2650 barbari

376 2740 379 2748 ,
539 2685 734 2780 loquuntur,
759 2677 840 2750 boni
856 2675 993 2774 gustus.)
1022 2675 1214 2770 eruditionis
1236 2681 1379 2777 artisque
1397 2682 1527 2751 criticae
1550 2697 1829 2765 monumentum,
1869 2673 1962 2781 quod
1983 2683 2020 2751 in
2044 2681 2159 2778 primis·

331 2841 333 2848 ,
404 2839 407 2850 ·
538 2790 697 2870 iuniores,
719 2771 842 2880 graecis
856 2775 961 2852 Musis
975 2776 1124 2871 litantes,
1152 2777 1196 2854 ad
1221 2777 1418 2854 imitandum
1437 2805 1629 2880 proponere
1650 2776 1709 2854 sibi
1731 2777 1861 2875 debent,
1893 2781 2158 2858 commentust.

528 2889 620 2963 'sanc
639 2887 732 2960 Fur.
750 2883 893 2956 Nuthuu.
910 2883 1001 2955 Mori
1016 2879 1058 2956 de
1074 2881 1239 2982 Euripidis
1251 2881 1440 2959 Phoenissis.
1454 2880 1538 2986 Lips.
1557 2907 1643 2977 ¹77¹·
1656 2907 1690 2973 4.
1705 2909 1771 2958 rec.
1784 2887 1819 2956 in
1835 2889 1902 2956 eius
1917 2879 1998 2958 Diis.
2011 2883 2159 2987 theolog.

540 3013 573 3068 et
588 2987 752 3093 philolog.
776 2981 861 3084 Lips.
882 3009 973 3078 1777.
987 2995 1020 3068 8.
1046 3025 1097 3042 -
1122 2980 1308 3060 Phoenissae
1327 2989 1414 3062 attae
1436 2983 1502 3062 effe
1521 2991 1606 3060 inter
1627 2987 1770 3084 Olymp.
1786 2985 1872 3062 XCI.
1887 3011 1915 3060 a.
1937 3007 1969 3062 ct
1993 2991 2109 3066 XCIII.
2132 3015 2159 3080 3.

427 3159 433 3170 .
538 3097 636 3171 docet
658 3091 825 3164 Brutieiur
846 3093 879 3160 iu
901 3082 1057 3188 Respons.
1079 3088 1120 3162 ad
1140 3095 1182 3164 C.
1203 3090 1320 3184 lioyle,
1339 3117 1436 3190 p.117
1452 3087 1500 3192 sq.
1522 3117 1564 3165 ex
1586 3092 1719 3190 interpr.
1740 3091 1839 3164 latina
1858 3093 2028 3191 Lcnuepii.
2059 3091 2160 3174 Harl.

468 3231 473 3238 ·
539 3200 724 3296 Principem
737 3215 872 3293 quoquc
887 3191 1000 3266 babuit
1021 3195 1107 3293 hanc
1126 3193 1273 3291 tragoed.
1296 3196 1401 3290 Hugo
1421 3197 1563 3268 Grotius
1589 3199 1624 3266 in
1646 3197 1732 3295 Epp.
1750 3194 1791 3267 ad
1811 3191 1926 3268 Gallos
1940 3211 2015 3282 208·
2038 3225 2069 3298 p.
2082 3221 2157 3290 434.

542 3303 698 3404 Aliquam
716 3314 841 3396 partem
862 3298 959 3369 huius
972 3293 1159 3396 tragoediae
1172 3297 1281 3372 lirinis
1301 3293 1441 3384 rerfibus
1464 3295 1617 3400 expressit
1632 3305 1706 3372 Prt.
1723 3298 1905 3399 Aicyuuius
1925 3297 1984 3377 lib.
2001 3305 2026 3377 l.
2047 3299 2089 3377 de
2107 3327 2160 3378 cx·
2283 3332 2288 3338 ·

536 3403 610 3480 sulio
625 3428 701 3507 pag.
716 3425 760 3492 44
774 3393 817 3500 sq.
845 3398 1028 3474 Hismario.
1963 3429 1967 3434 ’

436 3569 474 3664 4)
499 3551 727 3644 MH'AEIA.
778 3553 906 3629 Modra.
958 3548 1156 3647 Pythodoro
1173 3551 1496 3655 Archonte'Olymp.
1513 3555 1706 3629 Lxxxvrt.
1731 3576 1762 3629 r.
1790 3555 1849 3651 [V.
1871 3561 1910 3630 C.
1923 3581 1991 3648 3²²·
2012 3561 2083 3637 rer.
2098 3561 2158 3638 inl.

538 3677 634 3756 4484.
647 3680 700 3734 aut
715 3652 894 3732 secundum
911 3653 1038 3757 corfini·
1053 3659 1088 3729 F.
1104 3663 1145 3731 A.
1161 3678 1246 3732 torn.
1261 3663 1317 3732 111.
1331 3683 1365 3757 p.
1379 3683 1452 3752 447.
1472 3662 1507 3733 h
1533 3661 1574 3730 V.
1591 3681 1661 3749 323.
1679 3678 1753 3733 ante
1766 3662 1806 3734 C.
1822 3661 1865 3732 N.
1879 3663 1962 3756 431.]
1988 3662 2067 3738 teile
2087 3671 2160 3740 Ari·

541 3765 701 3865 stephane
719 3766 935 3863 grammatico
956 3765 992 3832 in
1003 3781 1213 3860 argumento.
1265 3765 1363 3834 blanc
1379 3761 1567 3857 Neophroui
1583 3763 1744 3855 Sicyonio
1757 3761 1894 3864 quidam
1913 3765 2102 3852 tribuerunt,
2127 3789 2163 3843 ut

453 3937 456 3944 .
541 3885 639 3944 notat
652 3868 805 3939 Laertius
820 3865 860 3938 ll.
878 3886 930 3953 34.
945 3881 977 3934 ct
990 3887 1049 3954 ¹33·
1075 3883 1107 3938 et
1127 3861 1244 3938 Suidas
1267 3869 1303 3938 in
1320 3858 1493 3968 Neimpns.
1559 3863 1652 3940 ldem
1671 3867 1785 3940 Suidat
1804 3865 1881 3942 alibi
1899 3895 1974 3943 eam
1993 3868 2098 3948 nteit
2120 3871 2160 3948 ad

383 3963 395 3975 ’
479 3981 483 3990 ’
539 3967 737 4072 Euripidem
750 3971 895 4061 tertium,
917 3969 1032 4065 prioris
1046 3963 1153 4040 fratris
1168 3965 1289 4055 fllium,
1313 3993 1414 4068 quam
1427 3964 1620 4044 senteutiam
1631 3987 1741 4044 tuetur
1753 3972 1880 4045 Susuuaes
1895 3975 2027 4048 Petitur
2041 3981 2099 4054 Vi.
2116 4004 2158 4074 15.

447 4116 451 4122 ·
539 4067 636 4152 Misc.
665 4077 749 4147 Sane
763 4069 965 4168 Neophrouis
978 4067 1099 4145 Medea
1110 4067 1236 4145 diuersa
1247 4066 1322 4159 suit,
1346 4069 1460 4146 stdixi
1472 4078 1509 4146 in
1526 4077 1643 4147 notitia
1656 4075 1884 4174 Tragicutum
1902 4074 2159 4177 deperditum,

380 4171 385 4178 ’
540 4197 572 4254 et
586 4174 736 4278 Euripidi
750 4171 870 4248 Medea
883 4171 991 4248 uoslra
1005 4172 1155 4248 tribuitur
1174 4176 1216 4249 ab
1231 4173 1456 4275 ‘Aristophane
1475 4180 1512 4248 iu
1526 4179 1644 4263 Ruuis,
1662 4198 1697 4252 et
1719 4175 1894 4274 Aristotele
1913 4208 1986 4285 cap.
1999 4209 2047 4275 14,
2061 4207 2095 4262 es
2115 4211 2159 4282 ¹5·

375 4351 381 4362 .
540 4285 662 4359 l’oetic.
680 4299 710 4354 et
723 4273 914 4376 Chrysippo
924 4273 1013 4375 apud
1036 4279 1206 4353 Laertiuru
1221 4279 1295 4353 Vll.
1311 4297 1374 4368 ¹81·
1397 4279 1533 4354 nealios
1545 4281 1611 4353 iam
1626 4306 1907 4358 commemorem.
1965 4290 2019 4362 De
2038 4289 2161 4390 duplici

537 4382 670 4473 Medea,
692 4409 764 4481 vna
768 4377 931 4479 Euripidis
947 4376 1091 4469 senioris,
1117 4406 1202 4482 quae
1213 4379 1328 4471 exslat,
1350 4403 1383 4456 et
1397 4383 1496 4457 altera
1510 4387 1655 4472 iunioris,
1680 4409 1765 4483 quae
1781 4385 1953 4479 intercidit,
1975 4390 2042 4468 vid.
2059 4397 2159 4470 Paul.

488 4549 495 4562 ,
540 4492 730 4565 Munatium
743 4483 783 4559 ad
803 4487 874 4558 Cic.
887 4488 958 4560 Vll
972 4487 1024 4584 ep.
1040 4490 1071 4560 6.
1083 4483 1124 4559 ad
1143 4481 1300 4562 diuersos.
1350 4487 1501 4560 ECallia
1513 4507 1548 4560 ct
1557 4482 1804 4588 dispositionem
1820 4485 1948 4568 fabulae
1963 4520 1997 4571 et
2010 4495 2163 4575 versuum

461 4603 466 4612 “
541 4592 734 4692 exemplum
750 4583 892 4664 humliss'e
913 4587 1105 4687 Euripidem
1128 4593 1163 4662 in
1182 4584 1307 4662 Medea
1322 4609 1357 4662 ct
1376 4589 1582 4688 Sophoclem
1604 4599 1638 4665 iu
1657 4590 1842 4693 Oedipode,
1865 4595 1922 4696 [U
1949 4622 2043 4678 notat
2060 4603 2162 4677 Athe.

392 4759 396 4766 .
544 4722 643 4770 ursus
665 4697 741 4770 Vll.
756 4719 789 4792 p.
803 4699 875 4782 476.
934 4693 1198 4791 [Euripidem'iu
1219 4690 1341 4766 Medea
1357 4691 1437 4767 illud
1460 4697 1590 4768 Horatii
1611 4717 1837 4796 pracceptum,
1868 4720 1904 4773 vt
1923 4707 2044 4780 chorus
2065 4708 2163 4784 bonis

427 4833 430 4837 ’
545 4797 663 4884 faueat,
687 4791 830 4882 violasse,
855 4793 953 4868 multi
965 4794 1176 4870 contendunt.
1189 4795 1429 4872 uid.Hurriiou.
1443 4801 1581 4876 Recitat.
1597 4797 1638 4875 de
1651 4797 1956 4902 MedeaEuripidis,
1978 4811 2032 4881 in:
2047 4812 2162 4888 Mem.

542 4901 585 4978 de
596 4898 725 4976 l’ltead.
739 4897 794 4974 des
810 4893 907 4972 luscr.
926 4918 999 4970 tom
1020 4902 1106 4972 vlu.
1123 4927 1155 4998 p.
1170 4923 1239 4989 443.
1265 4895 1319 4972 sed
1332 4893 1447 4976 conset
1462 4901 1589 4976 Hurtiii
1601 4925 1781 4978 commeat.
1798 4903 1838 4976 acl
1854 4911 1987 4998 Horatii
1998 4913 2162 5014 Epistulas

541 5003 582 5080 ad
597 4999 748 5080 Pisonem
764 5021 796 5078 'et
814 4999 999 5104 huguslum
1016 5028 1056 5077 ex
1070 5001 1198 5105 anglic:
1220 5003 1335 5106 lingua
1354 5007 1390 5082 iu
1410 5011 1634 5112 genuaaicam
1655 5039 1677 5083 a
1693 5025 1735 5083 ct.
1755 5010 2002 5124 Eseisuubmgio
2022 5045 2163 5105 conuer.

1384 5161 1390 5172 ·
2058 5115 2163 5200 *sum
