4700 5809
125 440 139 453 ·
193 444 394 549 Q
661 500 664 509 .
720 392 721 395 Ὺ
815 529 818 537 ,
936 444 1213 521 caranisas
1464 448 1799 569 uastam.
1900 427 1936 541 ia

197 636 307 739 plane
324 654 414 710 certa
433 653 534 737 atque
554 633 736 735 apodidiica
757 630 822 711 esl'e
842 635 987 711 affirmet
1011 628 1268 709 ad's'entemiam
1281 634 1369 709 hanc
1382 634 1670 728 confirmandam
1694 658 1728 711 et
1740 664 1824 740 quae
1843 634 1933 737 apud

194 742 389 815 Stobaeum
404 735 590 813 reseruntur
603 768 641 815 ac
657 738 870 827 Diodorum,
893 735 1092 814 Charondae
1104 737 1214 837 leges,
1238 742 1338 813 etiam
1358 761 1433 814 ante
1450 738 1526 815 illos
1546 742 1650 817 sectae
1670 737 1745 815 sunt
1766 748 1932 831 Ciceroni,

143 887 154 913 .
196 850 267 947 qui
278 844 353 917 Lib.
366 847 415 917 11.
430 843 470 917 dr
481 846 623 941 Legibus
635 868 662 919 e.
682 851 710 915 ὅ.
724 840 836 927 refert,
850 835 1029 919 Zaleucum
1044 860 1076 915 et
1090 838 1306 915 Charondam
1322 848 1357 915 in
1370 850 1548 946 prooemio
1569 840 1645 919 suae
1664 846 1869 946 reprimite
1889 840 1933 919 de

196 947 326 1047 legum
337 943 488 1022 laudibus
503 942 634 1021 dixiss'e:
659 967 692 1021 et
704 946 779 1022 alibi
794 946 835 1021 ad
852 946 965 1045 legent
981 942 1199 1031 Charondae,
1224 969 1309 1045 quae
1322 943 1431 1021 adhuc
1446 947 1547 1021 exstat
1559 946 1646 1047 apud
1663 952 1859 1036 stobaeum
1884 948 1931 1024 al·

197 1050 311 1141 ludit,
335 1071 473 1126 notante
485 1054 581 1129 Petro
596 1054 747 1129 Vidiorio
763 1054 834 1125 Lib.
849 1052 961 1127 XVI.
974 1076 999 1125 t.
1013 1074 1056 1121 tt.
1072 1049 1112 1123 V
1110 1072 1158 1122 ar.
1173 1046 1264 1123 Laii.
1314 1053 1411 1124 Tum
1432 1075 1553 1126 veteres
1573 1046 1704 1127 Comici
1724 1048 1843 1129 sabulis
1867 1046 1947 1127 suis.

199 1156 300 1255 leges
313 1152 518 1231 'Charondae
530 1150 756 1245 inseruerunt,
782 1181 926 1257 quotum
940 1154 1044 1239 verbis
1060 1183 1079 1226 a
1094 1149 1251 1227 Diodoro
1266 1151 1342 1225 Lib.
1356 1155 1450 1227 XII.
1461 1158 1634 1253 p.8o.seq.
1649 1156 1784 1231 laudatis
1800 1152 1931 1255 respon·

198 1259 290 1335 dent
304 1260 393 1360 leges
408 1252 495 1359 ipsae
511 1256 598 1359 apud
612 1258 756 1333 eundern
772 1260 955 1335 Stobaeum
966 1274 1182 1335 occurrentes.
1231 1258 1398 1331 Homines
1414 1256 1561 1331 eiusdem
1581 1256 1727 1333 familiae
1746 1253 1932 1363 iperandas

200 1394 225 1440 a
248 1360 425 1439 Charonda
444 1360 571 1450 didos,
605 1384 641 1439 vt
660 1364 700 1437 ab
721 1361 918 1465 Epitnenide
946 1356 1165 1463 1111161111,Ι
1199 1352 1930 1440 11111111611110111111161.1111111111.

200 1470 316 1568 Leges
329 1462 484 1570 quasdam
500 1465 698 1541 Charondae
717 1466 890 1541 illustrauit
902 1464 1117 1566 singularibus
1137 1458 1412 1549 dissertationibus
1427 1466 1563 1539 Samuel
1575 1468 1709 1555 Shuni,
1732 1466 1931 1566 Theologus

202 1564 415 1674 Vpsalieustt.
464 1566 551 1648 Vide
570 1590 603 1645 et
623 1572 773 1671 Ehregot
790 1570 937 1647 Danielis
961 1569 1131 1673 Colbergii
1155 1568 1205 1677 pii
1224 1572 1409 1674 paxapiea
1429 1572 1603 1645 diatribam
1621 1572 1661 1645 tit
1675 1572 1932 1671 Legitiatotibur

205 1678 413 1771 Graecarum
433 1669 700 1774 Mttsaiaatttiius.
714 1676 757 1771 ¹⁹)
847 1710 852 1725 ¹
914 1731 916 1739 -
1456 1675 1461 1691 ⁸
1674 1724 1683 1733 ·
1872 1672 1902 1703 ”

1131 1826 1278 1919 113,1
1456 1820 1461 1829 ’
1766 1832 1935 1905 razn-¹
2038 1774 2053 1790 ἱ

113 2058 120 2073 ·
200 2036 382 2104 reseramus
425 2040 471 2101 De
485 2040 645 2123 posteriore
660 2056 744 2111 vero,
766 2033 883 2121 qnando
897 2056 931 2097 ea
945 2034 1042 2115 legunt
1092 2030 1200 2093 eodem
1217 2028 1286 2094 loco
1303 2036 1453 2099 excitans.
1513 2033 1666 2121 superiori
1692 2048 1791 2098 autern
1816 2031 1930 2095 saemlo

201 2124 389 2203 fragmenta,
412 2143 489 2209 quae
501 2146 566 2185 eum
580 2128 741 2209 prooemiis
756 2120 921 2185 aDiodoro
934 2138 963 2183 et
978 2126 1042 2207 Sto·
1094 2122 1183 2180 Mart.
1198 2121 1382 2194 annerus,
1404 2125 1535 2205 primum
1556 2128 1733 2185 Graecarum
1755 2120 1930 2195 litterarum,

201 2210 285 2271 haeo
305 2208 359 2271 suh
376 2209 550 2271 Charondae
568 2214 690 2271 nomine
717 2214 748 2271 in
776 2208 906 2271 medium
929 2208 1043 2292 prolata
1092 2211 1157 2288 posi
1171 2203 1361 2284 Theologiae
1379 2211 1411 2269 in
1432 2204 1581 2269 academia
1595 2208 1753 2293 Vpsalieasi
1773 2204 1931 2293 professor,

203 2294 293 2369 sunt,
316 2296 461 2356 Catauaeo
475 2298 630 2381 pariterue
642 2298 738 2357 Locro
758 2295 906 2355 vindicare
924 2292 1043 2356 adiabo.
1093 2291 1250 2354 iuuenibus
1273 2290 1387 2377 aliquot
1404 2289 1570 2355 litterarum
1590 2294 1722 2357 niueas
1743 2296 1847 2356 audeat
1873 2290 1932 2354 suit

203 2397 271 2455 rat,
291 2379 428 2443 nolumus
449 2382 731 2465 quidquam,eortrm
756 2382 803 2441 hie
824 2379 881 2441 loci
901 2398 1043 2465 repetere,
1094 2374 1268 2461 suasorque,
1298 2392 1331 2439 vt
1347 2382 1379 2441 itt
1400 2376 1478 2457 leges
1498 2381 1688 2454 Charondae,
1717 2379 1794 2464 apud
1816 2376 1931 2452 Diodo-

204 2488 286 2551 quae
307 2465 392 2551 supra
413 2465 450 2528 de
468 2472 638 2552 incorrupta
657 2468 914 2528 instrumentorum
928 2464 985 2527 side
1007 2484 1042 2528 ea
1094 2482 1161 2523 rum
1175 2461 1304 2531 Siculum
1323 2479 1516 2539 memoratas,
1538 2464 1749 2531 dissertationes
1768 2463 1932 2526 conscribe·

205 2552 429 2643 diascilieorum
461 2567 549 2638 atque
580 2550 851 2615 iurisconsultorum
883 2557 1042 2637 praeceptis
1092 2562 1176 2623 rent,
1210 2548 1248 2609 ad
1279 2548 1545 2637 disputandumque
1577 2550 1694 2639 publice
1720 2564 1929 2637 proponerent.

204 2644 387 2701 monuimut.
416 2638 553 2701 Profeiio
568 2652 628 2701 mm
637 2639 737 2702 sobria
751 2636 948 2724 philosophia,
991 2660 1041 2700 ua·
1093 2636 1186 2697 Cuitu
1212 2632 1333 2718 quidem
1361 2635 1481 2699 consilio
1507 2636 1637 2701 obsecuti
1664 2642 1785 2701 iuuenes
1808 2636 1929 2721 quidam
2005 2697 2008 2708 ,

206 2724 246 2791 ii·
267 2724 325 2786 illis
343 2724 440 2803 legum
459 2730 621 2809 prooemiis
639 2729 822 2797 continetur,
851 2724 965 2807 siquid
1007 2746 1043 2787 oe
1094 2722 1207 2783 credite
1224 2718 1331 2783 indolis
1345 2722 1446 2785 iaboc
1460 2740 1633 2803 argumento
1645 2722 1816 2786 illustrando
1831 2720 1929 2783 elabo-

206 2815 242 2875 in
262 2831 365 2889 genere
386 2810 494 2885 video,
514 2814 546 2871 in
566 2810 669 2873 rudem
691 2812 800 2873 isihanc
820 2824 943 2872 aetatem
958 2808 1044 2895 plane
1094 2810 1214 2881 rarunt',
1242 2822 1274 2894 et-
1294 2806 1410 2871 auena
1430 2824 1562 2895 tmpore
1583 2815 1731 2895 variisque
1750 2808 1929 2897 praesidibus

208 2906 274 2959 non
288 2897 369 2961 cadit
389 2900 455 2961 Nec
468 2918 516 2959 me
529 2918 611 2959 meae
624 2896 781 2959 sententiae
796 2896 1043 2981 adhuepoenitet,
1094 2890 1168 2955 aliae
1189 2896 1255 2979 posi
1271 2892 1342 2957 alias
1370 2894 1582 2980 ditputationes
1607 2897 1786 2959 academicae
1831 2895 1929 2957 rodie-

209 2984 406 3067 dieputatiore
420 2980 487 3057 ilia,
509 3004 609 3065 quam,
631 2998 714 3068 parte
727 2988 790 3044 eius
804 2986 904 3066 priore
923 2982 959 3045 ab
972 2982 1043 3048 alte·
1093 2995 1171 3043 runt.
1207 2980 1324 3065 Scripsit
1336 2984 1427 3058 igitur
1438 3004 1471 3043 ac
1481 2982 1599 3069 publice
1612 2982 1743 3047 defendit
1778 2987 1783 2998 ’
1809 2986 1929 3043 carado-

204 3092 240 3133 ra
255 3062 429 3138 sesiionfldt
442 3070 583 3151 Sybaris.
596 3088 632 3134 ac
647 3067 790 3133 Titarion
804 3068 879 3150 slep.
901 3079 931 3134 ee
944 3068 1043 3153 [agg.
1095 3086 1166 3128 num
1184 3070 1218 3127 in
1238 3064 1316 3145 seges
1336 3069 1511 3133 charnaim
1528 3075 1552 3133 1.
1568 3070 1617 3137 De
1639 3070 1756 3151 nuptiis
1774 3066 1930 3154 secundis,
2052 3062 2055 3069 ’

205 3154 327 3231 auulsa,
355 3176 429 3216 nunc
454 3155 582 3219 sesiioue
603 3160 690 3218 tertia
707 3153 859 3240 aliquanto
881 3158 1042 3218 ausiiorem
1094 3152 1223 3237 praeside
1251 3157 1339 3217 Mart.
1360 3158 1530 3232 annero,
1565 3163 1632 3220 Vno
1652 3156 1797 3219 Tesserua
1822 3150 1927 3237 Vpsui.

204 3242 376 3327 complexus
397 3243 438 3302 esi
457 3244 591 3312 iseyaius
611 3242 720 3323 Opust.
734 3242 837 3305 Acad.
860 3240 929 3307 Vos.
944 3242 989 3307 II.
1009 3262 1042 3325 p.
1093 3236 1137 3301 A.
1151 3236 1241 3303 1666.
1255 3244 1345 3313 8.,11.
1360 3239 1408 3304 De
1419 3261 1519 3325 poena
1534 3244 1717 3316 calumniae,
1736 3240 1865 3325 praesse
1879 3260 1929 3300 eo·

203 3348 321 3411 155-—
337 3346 404 3408 171.
428 3326 525 3389 denuo
547 3350 614 3389 cum
635 3348 703 3390 cura
720 3326 866 3413 perleiia,
889 3348 1041 3406 amusaete-
1094 3323 1160 3385 dem
1176 3328 1340 3399 anncro,
1361 3330 1437 3398 Pete.
1451 3330 1622 3401 Stierntnan.
1644 3332 1695 3391 111.
1712 3328 1929 3403 [1111111171-

203 3422 303 3499 sisque
330 3412 484 3493 diligenter
510 3414 655 3498 perpensis
681 3430 769 3499 atque
793 3412 921 3475 excussit.
965 3410 1043 3475 illud
1095 3410 1266 3476 sinistrant
1286 3409 1395 3485 maiis,
1421 3417 1464 3474 io.
1479 3411 1689 3475 Barchhausen.
1717 3418 1769 3475 IV.
1784 3410 1834 3475 De
1850 3412 1929 3475 itere·
2060 3450 2072 3460 .
2139 3407 2143 3416 ⁸

203 3504 327 3587 quidem
342 3498 516 3563 contendere
530 3500 635 3576 nolim,
658 3522 759 3563 omnes
774 3503 897 3561 omnino
911 3499 1043 3561 Charon·
1094 3495 1187 3559 tario
1199 3494 1385 3581 institutione
1398 3505 1428 3561 es
1439 3499 1565 3571 sitieris,
1584 3499 1711 3585 praefide
1725 3502 1801 3561 Sam.
1813 3498 1929 3570 stunt,
1976 3566 1981 3579 .

202 3591 261 3651 dae
284 3586 379 3665 leger,
400 3607 418 3646 a
440 3586 577 3650 Dioddro
599 3608 631 3648 ac
651 3587 778 3650 Stobaeo
793 3583 964 3669 descriptas,
987 3582 1043 3649 esse
1095 3579 1169 3643 Rob.
1192 3581 1391 3646 Kinnemondt
1417 3581 1571 3667 Α.167ο.
1599 3596 1631 3661 8.
1689 3584 1830 3649 Eumdem
1852 3585 1928 3645 Sam.

105 3745 110 3754 ¹
201 3676 432 3737 commentitiae.
483 3672 538 3735 Sed
559 3674 760 3737 eumdemum
774 3676 890 3753 utrique
915 3672 1044 3733 eonsiare
1075 3668 1259 3731 bisuntium
1279 3665 1408 3753 suspicor
1427 3685 1459 3745 et,
1476 3675 1578 3733 tertiae
1595 3674 1807 3734 exercitationis
1823 3668 1928 3753 praesi-
1988 3684 1993 3691 “
2052 3692 2055 3695 ’

110 3749 118 3761 ’
202 3760 295 3825 iidem
309 3778 395 3833 reor,
418 3757 524 3841 siquid
538 3758 575 3819 ab
587 3756 715 3821 alionttu
728 3756 901 3841 scriptorum
914 3760 1042 3821 audiori-
1093 3752 1160 3816 dem
1176 3751 1321 3829 exstitisse,
1343 3755 1496 3818 etidcirco
1509 3758 1714 3837 ignoscendum
1730 3760 1769 3819 csi
1783 3758 1928 3829 Fabricio,
2009 3822 2013 3827 ,
2139 3761 2141 3764 ’
2205 3766 2210 3777 ·

121 3870 127 3879 ·
202 3861 263 3910 tate
285 3844 403 3925 singulis
424 3842 537 3923 legibus
558 3846 735 3907 firmamenti
756 3841 909 3905 accesserit.
966 3846 1041 3905 inte'·
1114 3838 1193 3914 uod,
1215 3840 1294 3901 haud
1309 3841 1398 3903 dubie
1412 3841 1538 3909 aliorum
1563 3844 1640 3919 side,
1661 3866 1729 3905 cum
1748 3842 1824 3921 leger
1842 3862 1927 3925 quas·

202 3956 291 4013 grum
313 3947 411 3993 autem
433 3928 529 4009 legum
549 3928 722 3994 Charondae
740 3950 864 4014 eorpus,
885 3931 933 4016 eui
948 3926 1055 3991 siatim'
1093 3862 1161 3987 dant
1188 3924 1362 3989 Charondae
1393 3928 1584 4007 fingularibnt
1613 3928 1860 3992 differtationibns
1890 3924 1926 3989 ii-

202 4019 361 4082 exordium
382 4036 502 4089 omnent
517 4016 605 4078 sidem
624 4018 768 4091 detrahit,
790 4019 923 4098 quisquis
937 4014 1040 4077 iudicii
1091 4010 1219 4075 lusitasse
1233 4012 1332 4082 tradit.
1372 4014 1457 4077 Vnde
1471 4014 1554 4077 finini
1568 4016 1746 4078 emendanda
1761 4012 1835 4089 iiiut,
1851 4032 1927 4097 qnae

202 4111 265 4168 mei
285 4124 406 4166 acumen
428 4101 673 4189 subtilitatemque
693 4102 851 4176 desideret,
874 4100 913 4161 ob
934 4098 1040 4163 caussas
1091 4098 1180 4161 habet
1193 4100 1328 4170 Heinius
1339 4098 1460 4183 Legum
1475 4100 1658 4167 Charondae
1662 4102 1786 4186 fragm.
1802 4100 1881 4164 San.
1897 4100 1968 4164 I..
2021 4096 2029 4105 ⁵

201 4198 235 4255 in
251 4194 416 4275 quaestione
429 4188 466 4250 de
480 4186 595 4253 Zalertci
605 4188 719 4269 iegibus
731 4188 817 4274 supra
831 4184 1040 4262 adstranadui-
1092 4192 1155 4251 not.
1171 4202 1193 4248 a
1208 4183 1319 4267 Opust.
1331 4184 1431 4251 Acuti.
1449 4188 1575 4255 Vobis.
1588 4209 1621 4271 p.
1633 4190 1686 4271 76.
1706 4194 1743 4251 V.
1755 4187 1806 4253 De
1818 4188 1926 4267 tutesn,

200 4294 329 4341 terarum
349 4296 423 4361 opat
446 4272 522 4349 effe,
543 4291 620 4339 certa
640 4274 822 4361 persuafione
843 4272 978 4337 indubius
995 4276 1041 4335 ui·
1090 4268 1221 4355 praeside
1255 4272 1344 4333 Andr.
1365 4272 1573 4357 Noscopensc,
1613 4270 1955 4351 Strenoiiasilcbom

199 4368 279 4427 deor
295 4362 374 4449 posse
397 4360 577 4424 adseuerate.
629 4368 767 4426 &terum
793 4358 866 4421 nihil
895 4358 1039 4445 impedio,
1091 4354 1132 4421 A.
1144 4356 1235 4439 1678.
1255 4356 1358 4421 Halm.
1380 4368 1413 4433 8.
1455 4366 1552 4437 Qum
1571 4383 1637 4422 cum
1657 4364 1778 4445 inopina
1795 4362 1923 4441 peregri-

199 4446 838 4617 111181ῑέ1518811811ἑὲ5
858 4447 1039 4593 iiiiii
1091 4442 1491 4614 ?;:³}?.i.³⁶.‘'.iii‘¹i;i
1507 4445 1923 4617 titpiiitsiiiitii

642 4580 652 4610 9
831 4574 841 4605 2
1693 4578 1703 4606 5

200 4642 229 4687 et
247 4626 374 4687 Stobaeo
396 4620 535 4695 seruatis,
563 4618 616 4683 suo
639 4626 763 4707 quisque
788 4616 900 4681 iudicio
929 4630 1038 4681 utatur.
1090 4618 1153 4675 cius
1180 4619 1364 4697 prouinciam
1390 4620 1422 4679 in
1446 4616 1474 4677 se
1497 4618 1620 4702 sttflscepit
1639 4618 1731 4679 stater
1750 4608 1812 4679 eius
1834 4616 1923 4678 Gabr.

197 4726 354 4777 mem.
872 4698 875 4709 “
1090 4698 1295 4762 Hassiebohm.
1337 4700 1926 4790 V1.Demiittiaadfliiiurestitueada,

241 4806 288 4873 tp)
315 4797 492 4878 Praecipuae
521 4788 598 4870 leges
621 4788 794 4855 Charondae
819 4788 877 4851 fide
905 4800 1038 4852 veterum
1089 4786 1219 4871 praeside
1233 4786 1338 4847 eodem
1347 4788 1551 4873 Noteopense‚
1568 4791 1611 4853 io.
1621 4790 1776 4853 Rocdbecit
1785 4790 1824 4852 A.
1834 4790 1871 4851 16
1891 4798 1923 4861 8.
2021 4780 2029 4793 '

196 4886 376 4969 scriptorum
389 4878 532 4940 recensuit
545 4895 632 4963 atquc
646 4876 801 4939 illustrauit
814 4879 903 4938 Conr.
919 4878 1038 4937 Rittera-
1087 4870 1192 4937 Halm.
1209 4882 1242 4945 8.
1269 4876 1334 4935 VIL
1349 4873 1399 4937 De
1404 4872 1570 4954 seueritate
1578 4878 1701 4960 legum,
1723 4874 1852 4961 praeside
1866 4808 1922 4939 lui.

192 4974 292 5049 husius
314 4966 457 5031 oratione
481 4964 567 5049 snpra
586 4971 644 5025 iam
659 4962 784 5041 laudata.
828 4957 980 5025 Nonnulla
1000 4960 1037 5022 de
1087 4958 1261 5033 Micandro,
1295 4960 1495 5034 Damiidins
1523 4961 1565 5027 A.
1588 4964 1677 5035 1686.
1702 4974 1736 5039 8.
1787 4968 1922 5040 Qtarum
2031 4964 2034 4968 ’

193 5048 375 5127 Charondae
391 5048 506 5131 iegibus
519 5048 625 5117 adtulit
645 5054 734 5117 etiam
754 5046 828 5114 Lud.
843 5046 1037 5135 Mamurius,
1086 5048 1202 5133 priores
1217 5058 1361 5133 quatuor,
1387 5051 1548 5134 quoniam,
1576 5054 1609 5113 in
1626 5070 1732 5132 magua
1749 5050 1922 5196 ipsiusmodi

774 5164 778 5173 ·
961 5160 967 5165 ·
1278 5158 1283 5167 ·
1641 5168 1646 5177 ·
1782 5152 1923 5221 cnpnua-
