4700 5809
684 453 748 527 ne
772 443 1011 530 consessus
1036 454 1136 529 mss.
1164 454 1385 530 nvnrrtms
1490 457 1561 527 tn.
1581 408 1627 530 rr.
1648 458 1844 546 initur.
1903 450 1961 563 nr

228 637 255 693 ·.
342 640 518 742 legendum
550 640 724 746 Odnhepic
753 644 881 716 Valerii
909 643 1097 739 Pollionis.)
1146 646 1194 726 τὲ
1219 640 1314 727 αὐτό
1349 637 1397 723 di.
1414 646 1514 745 φησὶν
1541 640 1622 745 draus
1651 656 1961 758 §mygappoepppm
1995 710 2001 715 .

340 740 501 852 Enitenlde
521 746 700 832 terensis.
754 748 980 822 Nihilominus
997 745 1165 823 Barnesrus
1181 768 1246 823 tarn
1261 751 1424 849 praeclare
1437 751 1478 822 de
1493 749 1824 850 liisEpillrilic-serstit,
1840 785 1910 835 tum
1926 771 1960 839 in
2055 846 2058 850 ¹

338 852 502 953 Euripidis
525 860 592 925 vita
613 858 642 949 §.
659 856 804 924 XXVlll.
819 877 853 949 p.
868 875 918 941 27.
945 861 1042 940 (nou.
1058 849 1132 923 edit.
1152 878 1181 951 p.
1200 855 1271 944 28.)
1299 869 1376 925 tusu'
1395 858 1429 925 iu
1449 873 1662 953 argumento,
1695 860 1847 958 Epistolis
1870 893 1970 963 prae,
2032 887 2036 895 ·

340 955 432 1051 fixo,
453 957 540 1029 'tom
567 961 663 1052 ll.·p.
679 980 743 1047 523.
768 958 816 1052 [p.
834 972 914 1048 498.
928 952 1001 1026 edit.
1015 955 1125 1050 Beck]
1152 976 1186 1027 vt
1200 953 1364 1044 adfirmet,
1391 963 1559 1030 neminem
1582 956 1677 1033 sacile
1705 958 1855 1038 futurum
1881 976 1959 1045 oden

335 1060 512 1154 perfrisiur
523 1064 656 1155 frontis
678 1073 736 1130 uttt
756 1062 865 1131 indicii
889 1062 1056 1151 imminuti,
1082 1056 1191 1159 quisi
1200 1080 1330 1158 tempus
1346 1081 1378 1133 et
1397 1060 1527 1159 phrahn
1545 1090 1618 1135 vere
1630 1070 1779 1154 atticam,
1805 1090 1836 1143 et
1857 1100 1906 1147 res
1929 1100 1961 1149 es
2057 1091 2060 1098 '

341 1161 496 1263 personas
518 1184 549 1237 et
569 1160 811 1265 fitnplicitateur
832 1183 863 1235 et
885 1154 1007 1241 slilirmi
1032 1170 1170 1237 minime
1191 1163 1420 1259 elaboratum,
1445 1192 1520 1235 cum
1540 1160 1669 1239 summa
1693 1188 1802 1243 tamen
1823 1184 1961 1273 puritate
1987 1198 2005 1244 ’.

342 1272 513 1355 nitentem,
536 1274 662 1366 penitus
687 1261 924 1365 introspexerit,
956 1264 1087 1339 easdem
1108 1268 1160 1340 vel
1181 1264 1335 1366 Euripide
1356 1272 1424 1342 hoc
1444 1268 1557 1339 nollro
1582 1270 1730 1371 indignas
1755 1291 1960 1371 pronunciet,

301 1414 304 1419 ·
344 1369 398 1445 v'el
415 1373 452 1443 ab
466 1366 533 1445 alio
550 1367 707 1468 Euripide
725 1366 867 1469 scriptas,
891 1368 944 1442 vel
959 1368 997 1441 ab
1014 1372 1082 1445 vllo
1098 1368 1176 1457 alio,
1198 1377 1307 1443 aetatis
1325 1378 1434 1442 minus
1451 1398 1552 1469 purae
1566 1378 1896 1463 audiere-confisius
1911 1385 1959 1458 su.

341 1470 493 1574 spicetur.
549 1473 696 1545 Vicillim
718 1476 869 1554 steterit,
890 1473 1057 1571 Bmthius
1076 1477 1110 1545 in
1134 1472 1289 1575 singulari
1306 1470 1375 1549 diff.
1392 1478 1518 1574 anglice
1532 1478 1683 1554 londini.
1700 1486 1794 1575 1697.
1810 1502 1839 1569 8.
1874 1490 1960 1565 edis,

343 1601 375 1651 et
397 1576 548 1652 Ramesro
567 1574 726 1677 opposita,
747 1576 817 1650 illas
838 1574 988 1675 epistolas
1010 1598 1042 1671 et
1064 1583 1194 1653 uocauit
1213 1584 1248 1650 in
1270 1575 1428 1665 dubium,
1459 1602 1492 1652 et
1511 1590 1711 1679 argumentis
1730 1611 1799 1659 nou
1819 1589 1960 1669 absurdis

346 1682 473 1758 easdem
494 1680 642 1781 Euripidi
658 1678 834 1781 suppositas
848 1675 910 1755 esse
926 1678 1105 1758 contendit.
1154 1681 1300 1755 subiecta
1319 1681 1364 1754 eil
1386 1682 1532 1756 eiusdem
1553 1689 1611 1757 viri
1630 1684 1805 1774 doc‘lilsuni
1829 1694 1961 1774 diatribe

342 1784 384 1857 de
397 1784 551 1884 Epistolis
566 1782 752 1859 Phalaridis.
775 1784 891 1879 [latine
907 1780 995 1856 versa
1010 1782 1054 1857 esl
1071 1782 1125 1856 illa
1138 1779 1311 1857 dissertatio
1324 1816 1342 1857 a
1356 1786 1516 1881 Lennepio
1537 1804 1570 1862 et
1589 1788 1723 1863 editioni
1737 1796 1959 1892 Epistolasum

343 1888 519 1963 Phalaridis
535 1885 689 1976 lubiedla,
715 1916 745 1987 p.
768 1904 811 1974 80
839 1886 908 1987 sqq.
933 1888 1093 1960 Bentleius
1117 1908 1243 1985 praeter
1263 1916 1300 1960 ea
1321 1887 1407 1962 haud
1429 1917 1533 1991 pauca
1557 1888 1669 1965 adtulit
1689 1891 1729 1967 nd
1750 1902 1960 2003 interpretan.

343 1990 397 2067 das
409 1998 466 2067 has
484 1992 631 2095 epistolas
647 2012 679 2065 et
695 1994 735 2066 ad
752 2000 851 2065 vitam
865 1989 1029 2091 Euripidis
1046 1990 1305 2093 exponendam]
1406 2033 1409 2039 ·

579 2238 580 2241 ¹
654 2270 659 2279 ,
708 2200 764 2294 [V.
795 2198 923 2271 Codices
948 2200 1048 2270 MSS.
1078 2143 1108 2268 tl
1133 2199 1287 2270 editiones
1313 2199 1495 2291 Euripidis.

345 2336 417 2410 Cel.
436 2333 529 2411 Btts.
555 2330 645 2433 quod
662 2332 727 2407 vol.
744 2336 800 2407 Ill.
818 2316 970 2407 editionis
986 2322 1153 2432 preemilit
1172 2333 1303 2431 plenam
1319 2330 1518 2432 dudumque
1532 2335 1728 2433 rrcmstontm
1752 2340 1889 2411 codicum
1910 2346 1963 2416 net

243 2429 426 2513 collatorum
442 2440 494 2512 uti
506 2442 645 2511 nondum
658 2438 843 2511 collatorum
857 2452 889 2508 rt
905 2439 1076 2508 editionum
1092 2446 1188 2531 utque
1201 2439 1376 2537 utrstonum
1390 2438 1571 2529 Euripidis,
1587 2437 1764 2509 libellorum
1778 2445 1865 2538 item,
1891 2456 1962 2541 quis
2110 2455 2113 2464 '

244 2552 302 2618 bus
317 2544 497 2640 illustratus
511 2542 564 2638 est,
600 2560 634 2619 et,
654 2570 685 2640 p.
703 2566 791 2633 1019.
813 2540 965 2615 codicum
990 2538 1124 2638 collegit
1145 2534 1434 2638 supplementum,
1462 2541 1566 2612 'nobis
1587 2544 1693 2611 otium
1713 2536 1802 2643 feeit,
1819 2574 1961 2647 egoque

244 2654 351 2749 paucis
365 2667 489 2720 tantum
504 2646 655 2719 indicabo
672 2646 915 2730 CODICES,
939 2649 1014 2745 quia
1027 2639 1138 2717 futuro
1156 2641 1274 2717 editori
1287 2640 1643 2743 potilhrnuns'illorum
1657 2642 1772 2717 notitia
1793 2676 1895 2749 aeque
1916 2654 1960 2727 est

133 2746 141 2757 ¹
242 2746 422 2839 necessaria,
448 2778 485 2823 ac
500 2744 956 2823 ebriosarum-uectura.

74 2892 78 2897 ¹
203 2946 206 2952 -
344 2910 449 3007 Regia
461 2902 609 3003 Puriſsnu
622 2902 821 2975 Bibliotheca
833 2899 972 2976 colludit
988 2901 1157 2975 XXXXlV
1173 2897 1304 2985 codices
1324 2924 1424 2972 manu
1440 2918 1599 2987 exaratos,
1627 2904 1661 2971 in
1683 2876 1798 2999 quibus
1821 2905 1874 2979 vel
1897 2938 1959 2982 vna
1992 2860 1995 2866 ·

244 3010 295 3090 vel
311 3009 420 3110 plures
436 3013 646 3081 continentur
661 3010 738 3079 Eur.
762 3003 957 3103 tragoediae,
983 3022 1037 3077 aut
1058 2997 1250 3103 Epillolae,
1268 3024 1338 3075 tum
1364 3000 1440 3076 cod.
1463 3005 1603 3076 membr.
1633 3011 1689 3098 qui
1709 3013 1961 3107 comprehendit
2013 3040 2019 3048 ·

243 3112 410 3202 Medeam,
436 3110 678 3212 Hippolytum,
706 3106 847 3181 Alcellin
863 3133 1012 3209 egraeco
1029 3114 1064 3180 in
1077 3106 1214 3182 latinum
1227 3105 1399 3182 conuersas
1416 3136 1434 3179 a
1450 3110 1566 3177 Frons.
1589 3108 1748 3205 diffundo,
1774 3113 1962 3205 Ambracio,
2052 3134 2058 3147 “

244 3226 269 3291 l.
284 3223 325 3292 V.
339 3221 382 3291 D.
400 3240 471 3291 tum
488 3218 606 3289 Franc.
628 3217 736 3298 Porti,
763 3212 936 3299 Cretensis,
959 3212 1192 3313 praelesliones
1206 3216 1241 3283 in
1251 3211 1416 3309 Euripidis
1433 3214 1537 3309 lphig.
1554 3217 1586 3279 in
1602 3212 1833 3314 Auldeuique
1849 3217 1961 3293 editio·
2073 3303 2079 3309 ,

244 3350 321 3395 nem
339 3321 504 3404 Aldinam,
530 3320 706 3391 aPuteano
724 3314 877 3404 collatam
893 3328 970 3387 cuni
986 3318 1111 3386 codice.
1767 3312 1771 3321 ’

275 3463 277 3471 ’
347 3480 386 3547 ln
402 3474 514 3561 stolia,
535 3469 608 3543 bibl.
622 3468 766 3545 medicea
783 3474 982 3557 Florentius,
1011 3470 1106 3543 habet
1121 3464 1205 3537 XXl.
1223 3462 1300 3536 cod.
1316 3457 1373 3533 scr.
1389 3462 1443 3536 vel
1463 3462 1606 3559 plurium
1626 3463 1686 3537 vel
1700 3466 1963 3564 paucissimarum
2070 3529 2083 3541 .
2181 3463 2187 3471 ’

247 3580 498 3682 tragoediarum,
523 3574 724 3655 sdroliorum
741 3594 771 3647 et
788 3574 1009 3673 epillolarum,
1036 3576 1152 3671 pariter
1168 3570 1225 3645 Vt.
1243 3565 1341 3641 codd.
1356 3565 1432 3641 bibl.
1451 3568 1494 3640 V
1489 3580 1578 3640 cuttu
1600 3570 1642 3639 D.
1658 3570 1775 3641 Marci.
1832 3578 1963 3650 Andro.

245 3686 360 3769 muchs,
389 3679 516 3775 Orestes
532 3676 758 3775 ctPltosurffu
772 3706 849 3761 cum
866 3674 1040 3749 scholiisin
1056 3672 1134 3747 bibl.
1157 3673 1354 3775 Taurintnſs,
1380 3691 1410 3743 et
1430 3672 1513 3743 vltra
1533 3674 1602 3749 llll,
1630 3672 1706 3744 telle
1726 3674 1962 3758 Montsaucon.
2059 3722 2061 3724 >

247 3798 281 3861 in
297 3788 365 3860 aliis
380 3784 486 3857 ltaliae
502 3784 721 3868 bibliothecis:
748 3784 862 3881 quibus
878 3779 1045 3863 addantur,
1065 3800 1098 3849 vt
1113 3805 1167 3849 mc
1181 3772 1258 3849 fecit
1271 3781 1444 3846 certiorem
1460 3774 1503 3848 cl.
1523 3778 1710 3865 Siebtnlttrr,
1737 3784 1768 3849 in
1790 3783 1869 3855 bibl,
1895 3767 1964 3855 An-

245 3899 353 3991 getico,
380 3895 520 3971 Romae,
548 3892 626 3962 Eur.
647 3888 782 3957 Hecuba
814 3908 844 3957 et
870 3881 1057 3956 Phoenissae
1078 3884 1155 3953 cum
1176 3875 1309 3950 scholiis
1331 3882 1448 3976 partim
1473 3875 1620 3965 ineditis,
1652 3882 1753 3979 chart.
1779 3880 1854 3965 laec,
1877 3892 1964 3961 Xlll.
2005 3911 2011 3921 ·
2063 3892 2071 3902 ’

247 4006 279 4070 in
296 3988 369 4080 bibl.
398 3995 577 4067 Burbtrinn
599 4016 633 4073 u.
656 4014 732 4079 407.
756 3986 879 4069 scholia
900 3987 1020 4060 inedita
1043 3986 1082 4057 ad
1109 3980 1270 4082 Euripidis
1291 3978 1467 4063 Medeam,
1501 3979 1682 4089 stechen..
1698 3984 1965 4082 Andromachen,
2030 3984 2040 3991 ¹

247 4101 462 4201 lplrigeniam.
1079 4126 1087 4139 .
1339 4098 1342 4103 ’

350 4260 389 4328 lu
405 4248 607 4341 bibliothecis
623 4246 822 4319 Britannicis
839 4239 913 4317 sunt
930 4242 1015 4315 vltra
1037 4244 1157 4315 XVIII:
1176 4236 1273 4313 codd.
1920 4317 1924 4325 Ι

350 4408 388 4480 ln
403 4404 576 4503 tnspama,
603 4404 637 4472 in
651 4397 728 4473 bibl.
748 4382 915 4481 Toletano,
940 4401 981 4469 V.
997 4394 1094 4469 codd.
1113 4402 1145 4467 et
1162 4350 1319 4488 Eficrini
1337 4390 1404 4464 duo
1419 4386 1516 4461 codd.
1536 4395 1639 4464 -in
1661 4392 1737 4470 bibl.
1762 4398 1895 4473 llsutrit.
1919 4425 1965 4471 re·
2058 4437 2063 4443 ·
2095 4353 2098 4360 Ι

250 4520 314 4617 gia,
332 4509 415 4612 ‘selle
432 4514 567 4592 Iriorti,
589 4530 620 4603 p.
634 4494 980 4591 70.'cod.XVlll.'sol.
999 4506 1070 4587 236.
1098 4498 1272 4594 Euripidis
1287 4497 1416 4567 Hecuba
1433 4492 1501 4565 line
1514 4486 1655 4567 scholiis.
1680 4490 1792 4580 illam,
1817 4505 1861 4571 ait
1877 4506 1981 4598 lriar·'
2065 4515 2067 4518 ’
2096 4549 2101 4559 ·
2214 4571 2225 4581 ,

251 4642 293 4707 re,
318 4614 462 4714 sequitur
478 4604 698 4708 Tragoedias,
718 4600 832 4675 nescio
852 4607 952 4713 cuius,
977 4599 1213 4701 fragmentum,
1240 4603 1395 4696 iucipiens
1411 4599 1449 4669 ab
1463 4598 1537 4714 'lsoc
1559 4594 1669 4713 versut
1700 4594 1841 4701 ὅφοὶος
1863 4596 1967 4699 ciprii
2082 4702 2088 4709 ἱ

210 4776 222 4791 .
254 4714 312 4817 gp}
327 4712 392 4814 «γῆς
414 4708 574 4816 ἲσὸμοιρος
591 4702 667 4811 viriq,
693 4730 789 4806 atque
804 4713 837 4778 in
859 4710 946 4779 hunc
965 4703 1132 4781 desinens:
1164 4696 1283 4792 Ainus
1304 4697 1503 4801 citripp‘on'et
1527 4694 1719 4801 οἵχθος-
1735 4730 1808 4806 pag.
1824 4715 1871 4801 75.
1891 4709 1965 4785 cod.
2039 4787 2057 4805 ι

254 4827 339 4899 XIX,
355 4848 403 4907 nr.
420 4836 490 4921 883¹
501 4814 662 4910 Epistulas
676 4814 752 4882 Eur.
770 4838 850 4909 quae
872 4808 1003 4905 perinde
1020 4815 1073 4883 hic
1096 4802 1127 4881 se
1152 4808 1290 4894 habeut,
1319 4834 1356 4877 ac
1378 4811 1411 4875 in
1437 4804 1553 4882 Aldina
1573 4805 1789 4895 colledione,
1819 4834 1969 4887 narrante
1990 4885 1994 4891 ,

253 4935 375 5003 Iriarte.
402 4920 469 4981 -’
480 4949 512 5021 p.
528 4927 588 4995 160
606 4912 674 5013 sqq.
690 4912 765 4987 cod.
782 4918 910 4990 XLVII.
939 4912 1109 5009 Euripidis
1123 4916 1198 4996 vita,
1223 4910 1372 4989 Htcnltn.
1392 4904 1495 4986 'lusos
1510 4903 1556 4985 eis
1574 4906 1620 4987 Eri
1638 4904 1763 5000 caridus,
1777 4910 1892 4988 uersus
1907 4918 1969 4991 ele.

253 5037 335 5133 ginci
349 5030 468 5101 XVlll.
496 5032 548 5123 (in
563 5016 698 5095 huthol.
713 5021 823 5118 Steph.
836 5017 890 5093 lib.
907 5024 961 5091 lll.
977 5045 1047 5120 cap.
1063 5043 1110 5112 25.
1129 5041 1166 5115 p.
1184 5009 1323 5115 394‘sq.)
1355 5018 1434 5088 Eur.
1464 5012 1593 5106 Orestes
1610 4944 1637 5087 s

302 5132 490 5242 mnu..
585 5156 621 5213 η
1190 5120 1251 5190 Kk
1742 5142 1749 5151 ·
1862 5124 1969 5223 epac,
2105 5133 2123 5212 j

1627 5072 1634 5088 .
1659 5018 1799 5107 Elesira,
1812 5040 1844 5092 et
1865 5022 1968 5109 Pirot-
2079 5105 2082 5107 v
