4700 5809
205 423 210 434 .
403 352 470 442 aa>
507 365 514 400 ³
546 367 617 442 err.
627 368 676 446 11.
689 315 923 444 11110111.ἱ
970 363 1034 439 oe
1056 321 1357 439 anrrrounvs
1382 364 1603 482 evarestus
1702 334 1726 465 j
1872 366 1876 374 ·
1948 310 1963 342 '

466 633 474 656 ¹
507 557 672 652 Oporinos
689 552 825 656 praefuit
839 561 915 629 huic
930 551 1076 640 editioni,
1104 572 1201 652 atque
1216 555 1249 626 in
1263 549 1607 651 praefatione-fatetur,
1628 549 1661 627 se
1676 537 1788 628 inulta
1800 543 1985 654 emendasse
2005 572 2038 630 et
2054 582 2127 633 eru·
2149 555 2160 562 ’

211 671 213 676 “
354 706 378 754 ·.
405 656 462 732 diti
484 657 652 734 cuiusdam
669 667 731 732 uiri
757 658 922 759 exemplat
944 653 1222 756 castigatissimum
1240 651 1355 730 sedulo
1376 653 1439 732 elle
1461 663 1636 732 imitatum.
1687 659 1832 756 Heruag.
1856 665 1934 758 quia
1958 665 1996 757 in·
2016 657 2129 760 priore
2238 715 2245 722 -

268 769 280 812 ·.
408 761 551 837 editione
565 769 630 836 iam
647 763 813 863 pollicitus
828 759 1093 848 eras'editionem
1115 756 1320 833 scholiorum
1345 752 1518 859 separatim
1548 759 1745 847 curandam,
1771 761 1921 861 promissi
1939 752 2072 840 memor
2091 793 2138 839 ea-

407 871 483 940 huic
497 866 623 964 adiecit,
649 887 691 956 at,
720 872 764 942 vti
784 875 816 938 in
833 862 964 968 praefat.
981 864 1163 964 profitetur.
1188 870 1369 949 innumeris
1385 863 1468 963 locis
1482 865 1694 966 castigatiora
1722 866 1931 941 scholiorum
1948 890 2056 942 autem
2071 897 2127 943 vo·

99 989 108 996 “
143 1009 178 1052 ·,
349 971 358 982 ”
408 969 523 1044 lumen
540 966 708 1070 separatim
722 967 845 1046 editum
863 991 956 1072 atque
975 963 1168 1068 inscriptum
1193 966 1257 1075 qli:

509 1101 652 1204 Σχὲλια
666 1146 717 1164 ·-
743 1149 795 1162 -
809 1109 934 1205 *scholia
952 1109 984 1178 ia
992 1105 1117 1200 septem
1133 1104 1305 1198 Euripidis
1320 1083 1508 1202 tragoedias
1523 1111 1719 1202 sss-antiquis
1732 1106 1962 1202 exemplaribus
1978 1108 2017 1178 ab
2031 1107 2129 1204 Arse-
2196 1149 2202 1156 ·
2261 1113 2274 1147 ·'

407 1213 461 1281 aio
476 1213 703 1311 archiepiscopo
712 1213 938 1310 Manembrssae
954 1208 1089 1296 saliua,
1112 1232 1195 1279 uuae
1208 1205 1309 1280 1101110
1324 1211 1427 1284 riano
1441 1235 1534 1306 quarn
1547 1225 1639 1284 autea
1651 1216 1864 1284 ernsudotr'ora
1879 1216 1912 1282 iss
1927 1214 2023 1284 iurent
2036 1213 2130 1285 edita.

272 1355 277 1365 ,
341 1375 360 1446 Ι.
381 1341 387 1348 ’
408 1311 501 1394 Basti.
521 1307 1177 1416 410110.Ηο111144111111.1544.8411000.
1311 1378 1315 1384 ,
1995 1307 2000 1312 ’

512 1464 615 1544 Cous.
638 1469 679 1540 V
675 1470 788 1541 alelen.
805 1467 958 1540 iudicium
976 1465 1017 1539 de
1031 1465 1080 1538 his
1097 1470 1131 1537 in
1148 1458 1283 1564 praelat.
1296 1462 1338 1539 ad
1354 1468 1433 1540 Eur.
1449 1463 1633 1548 Phoenissae
1651 1495 1683 1567 p.
1694 1471 1770 1538 XVI
1786 1462 1852 1568 sqq.
1892 1465 1986 1542 idem
1999 1492 2130 1563 accepe-

315 1598 320 1609 ·
408 1589 457 1644 rat
472 1599 490 1643 a
504 1574 638 1646 Reislcio
651 1573 842 1670 exemplum
859 1567 1060 1644 scholiorum
1078 1571 1327 1666 Heruagiauum
1344 1599 1363 1642 a
1382 1573 1584 1669 Trpliesrea
1603 1599 1679 1643 cum
1697 1572 1876 1671 augustano
1899 1569 2014 1650 codice
2028 1573 2131 1642 Msto

340 1713 345 1724 =
408 1673 579 1762 collatum,
603 1673 692 1776 quod
710 1675 803 1749 valde
818 1675 922 1749 laudat
937 1671 1010 1749 ibid.
1025 1699 1058 1770 p.
1076 1675 1152 1744 XIV
1166 1667 1237 1771 sqq.
1276 1670 1370 1746 Adde
1384 1671 1559 1773 Frrytagii
1574 1675 1692 1774 Adpar.
1708 1675 1767 1748 litt.
1785 1697 1867 1772 part.
1882 1677 1938 1747 ΙΙΙ.
1954 1702 1986 1773 p.
1997 1671 2132 1772 561sqq.

409 1780 465 1852 ubi
481 1784 505 1850 is
516 1779 562 1854 de
575 1783 634 1854 hac
646 1777 722 1853 edit.
736 1802 766 1852 et
782 1780 821 1853 de
837 1776 970 1852 Arsenio
986 1775 1108 1850 multus
1124 1775 1187 1850 cll:
1215 1775 1366 1850 cremae.
1380 1777 1402 1848 l.
1421 1781 1475 1852 cit.
1490 1805 1524 1877 p.
1541 1783 1611 1853 166.
1627 1786 1684 1879 qui
1712 1777 1892 1852 editionem
1913 1776 2132 1870 scholiorum,

275 1963 278 1970 ¹
404 1885 553 1966 ¹Veneriis
570 1885 654 1982 apud
672 1880 779 1956 iuraras
796 1909 867 1976 1524
881 1888 913 1954 in
925 1881 1006 1953 bibl.
1025 1880 1206 1967 Arkeliana,
1231 1881 1491 1974 Roterod.1pa5.
1510 1898 1542 1967 8.
1556 1909 1587 1981 p.
1601 1906 1670 1970 234.
1687 1903 1861 1970 notatam,
1882 1889 2060 1954 omnino-e
2077 1907 2136 1952 ca·

82 2059 85 2072 ,
201 1985 216 2086 ’μ
315 2037 317 2042 ,
373 1988 524 2083 .talogo
541 1987 840 2074 exterminandam,
865 1992 943 2058 vitio
967 2007 1063 2082 atque
1084 1989 1287 2083 ignorantiae
1312 1987 1455 2058 auctoris
1478 1985 1563 2058 illius
1583 1985 1720 2084 catalogi
1743 1987 1944 2060 adnumerat.
1996 1985 2135 2057 Scholia

407 2094 525 2164 MSSsa
540 2095 572 2163 in
593 2091 781 2192 Euripidem
798 2121 816 2164 a
831 2083 992 2165 Galesrnio
1010 2087 1064 2160 sthi
1081 2093 1324 2160 communicata
1342 2094 1418 2161 citat
1439 2089 1647 2186 Cessaubostus
1668 2088 1708 2162 ad
1728 2092 1891 2164 Laertium
1913 2117 1947 2188 p.
1965 2113 2035 2176 203.
2055 2085 2135 2160 edit.

255 2259 281 2294 ι.
330 2249 336 2256 .
409 2194 583 2269 Wetllein.
612 2235 660 2250 -—
687 2201 725 2267 ln
740 2190 852 2268 storste
868 2201 932 2266 urei
950 2191 1091 2288 exempli
1109 2187 1309 2264 scholiorum
1326 2218 1460 2264 ansauu
1472 2200 1605 2294 antiqua
1618 2197 1698 2267 haec
1714 2216 1795 2267 nota
1812 2202 1878 2268 iarn
1897 2187 2054 2294 adscripta
2068 2188 2136 2263 est:

275 2317 279 2332 ·
408 2299 542 2395 Arsruii
556 2301 652 2371 codex
665 2325 761 2372 rasus
775 2298 826 2394 est.
844 2298 849 2304 ’
880 2299 1011 2370 Proeliis
1025 2300 1118 2367 etiam
1137 2295 1285 2367 Veneriis
1300 2317 1383 2389 1534.
1406 2299 1441 2368 ia
1457 2309 1488 2382 8.

363 2453 370 2458 “
509 2451 641 2522 Elesisa
656 2453 741 2524 Eur.
764 2457 905 2550 primum
922 2455 954 2520 iu
970 2449 1081 2522 lucem
1095 2448 1178 2522 edita
1194 2449 1239 2521 esl
1261 2451 1380 2520 Ronrae
1404 2473 1485 2542 1545.
1502 2465 1535 2534 8.
1562 2471 1693 2522 curante
1710 2451 1814 2522 Petra
1833 2449 1873 2522 V
1871 2449 2004 2534 silesia,
2037 2452 2136 2519 cuius

354 2549 361 2563 ’
387 2599 388 2602 ¹
409 2553 546 2651 epislola
563 2561 797 2652 nuncupatoria
811 2555 849 2626 ad
869 2557 1043 2625 Nicolaum
1061 2552 1327 2651 hedinghellum,
1350 2551 1570 2634 Cardinalem,
1583 2549 1697 2650 scripta
1714 2551 1759 2626 esl
1773 2553 1959 2626 Florentiae
1976 2548 2009 2624 d.
2026 2552 2124 2623 XXX
2127 2550 2155 2624 .’

409 2659 514 2754 April.
530 2662 579 2734 hh
596 2665 640 2734 D.
657 2661 757 2734 XLV.
810 2661 974 2730 Visiorius
991 2663 1045 2742 ait,
1060 2685 1086 2728 ·e
1101 2661 1236 2729 tenebris
1253 2658 1340 2728 illam
1357 2675 1480 2728 erutam
1499 2656 1562 2729 elle
1577 2685 1594 2728 a
1609 2659 1857 2747 Bartholontaeo
1882 2657 2076 2726 Basbadoro
2104 2675 2141 2727 et

162 2823 172 2830 .
232 2773 239 2790 ’
325 2837 329 2842 ,
410 2763 620 2858 Hieronymo,
645 2789 788 2862 quorum
804 2763 952 2861 elogium
968 2759 1064 2831 exllat
1079 2765 1110 2830 in
1129 2763 1218 2832 lle‘lis
1234 2757 1457 2849 Eruditapos.
1485 2785 1595 2856 p.503.
1621 2765 1768 2858 Repetira
1783 2757 1839 2843 esi.
1853 2780 1919 2830 aut
1935 2759 2044 2830 titulus
2062 2783 2138 2829 tan-

366 2901 370 2918 ι
410 2883 482 2936 tum
498 2887 639 2941 mutatus
656 2887 688 2940 et
701 2871 789 2938 hisc'e
802 2869 934 2940 auctus:
958 2865 1078 2934 odissia
1095 2863 1136 2956 est
1152 2863 1258 2934 rossem
1274 2864 1371 2933 latine
1386 2867 1429 2932 ad
1444 2867 1573 2934 uerbum
1589 2863 1727 2949 reddita,
1754 2877 1791 2933 vt
1805 2866 1944 2958 eoufrrri
1961 2891 1979 2932 a
1996 2887 2141 2959 graecae

330 3021 332 3028 -
409 2967 803 3068 liuguaesludiofispoffis.
839 2971 976 3040 Romae.
1002 2973 1087 3058 1546.
1111 2982 1146 3054 8.·
1203 2969 1357 3039 Textum
1378 2971 1467 3038 enim
1492 2993 1648 3064 graecum
1672 2969 1793 3065 excipit
1813 2969 1911 3038 latina
1933 2965 2142 3040 veria..-

281 3089 288 3100 ’
408 3073 687 3170 Ηεωεροβιπὶοτ,
716 3069 1131 3172 (quaesritadicipotelh)
1164 3069 1262 3144 editio
1283 3097 1422 3142 romana
1445 3068 1553 3144 recusa
1579 3069 1625 3169 cll
1647 3073 1788 3170 Baſsleae
1817 3068 2144 3168 apud*()porinum'‚
2198 3152 2201 3161 4

329 3179 347 3273 ’4
408 3194 441 3245 at
457 3179 551 3273 culpa
565 3205 744 3275 operamur
756 3205 859 3250 annus
875 3175 1015 3275 hgnatus
1030 3173 1074 3246 ell
1092 3181 1187 3266 1446,
1204 3180 1401 3272 quumpoui
1418 3170 1572 3247 debuisset
1593 3185 1674 3269 1546.
1696 3189 1726 3257 8.
1747 3199 1799 3271 gr.
1819 3193 1851 3246 et
1869 3177 1923 3246 lat.
1954 3174 2146 3270 adnotatrte

407 3283 478 3350 viro
493 3281 638 3378 quodam
656 3263 756 3354 dieto
773 3287 806 3352 iu
824 3277 934 3390 fronte
949 3283 1016 3349 mei
1032 3277 1227 3376 exemplaris
1240 3273 1445 3355 scholiorum
1460 3305 1510 3378 gr.
1526 3305 1568 3350 ex
1582 3279 1657 3352 edit.
1669 3275 2023 3392 superioreBastleeafi.

432 3413 435 3424 ¹
511 3434 685 3526 Euripides
701 3476 749 3490 -
763 3439 794 3504 in
808 3434 938 3504 latinum
947 3417 1130 3527 sernronrm.
1141 3405 1311 3526 conuersus
1324 3429 1443 3502 adiisse
1464 3456 1479 3501 e
1502 3435 1632 3527 regione
1655 3431 1749 3504 textu
1763 3455 1879 3531 graeco
1902 3457 1972 3507 sum
1995 3447 2142 3506 annota-
2266 3512 2270 3520 ,

408 3537 543 3606 tionibus
560 3552 590 3606 et
599 3539 859 3632 praefationibus
874 3539 1102 3606 insomnes-rius
1117 3536 1323 3628 tragoediam
1345 3548 1462 3606 autore
1478 3535 1621 3630 Caspmo
1641 3538 1785 3610 Staieno.
1837 3535 2042 3635 Aufinum
2065 3541 2141 3608 lae.

409 3639 536 3734 Mieplli
553 3643 590 3711 de
606 3643 773 3734 Euripidis
789 3646 857 3711 uita
875 3665 913 3709 ex
927 3639 1056 3735 diuerfir
1069 3636 1249 3706 auiioribur
1261 3637 1412 3708 eortina.-
1447 3642 1539 3717 item,
1562 3640 1600 3709 de
1630 3640 1815 3734 Tragoedia
1839 3654 1871 3713 et
1892 3649 1959 3713 rius
1976 3645 2143 3732 parribus

282 3807 283 3810 ,
326 3746 328 3754 ’
403 3743 632 3836 prolegomena
656 3746 819 3840 quaedam.
880 3746 961 3813 Item
983 3745 1032 3810 Io.
1058 3739 1199 3811 Bsoalaei
1224 3780 1273 3796 --
1298 3740 1666 3838 Aunotationesdasiiffi
1690 3747 1743 3838 {iu
1765 3741 1944 3841 tragoedias
1959 3740 2142 3840 vrrdecirn]

408 3842 578 3940 unusquam
594 3861 686 3918 antea
700 3854 732 3918 iss
744 3849 841 3918 lucens
855 3849 976 3920 editae.
1018 3843 1079 3915 Aa
1092 3845 1165 3914 haee
1177 3843 1286 3920 index.
1300 3847 1398 3946 Basti.
1409 3869 1474 3939 pes
1487 3849 1534 3917 lo.
1552 3847 1687 3940 Operis.
1703 3848 1798 3945 mersfi
1810 3850 1918 3920 Mart.
1934 3853 2009 3937 1562.
2017 3849 2090 3942 fol.

299 3982 329 4078 Δ,
446 4063 448 4067 .
510 3994 600 4096 Casp.
622 3999 746 4072 Stibliui
762 3997 864 4072 verfio
880 3991 1021 4096 prosaria
1036 3990 1075 4068 ad
1090 4017 1222 4066 casinen
1238 3982 1586 4097 iambicumproxime
1603 3999 1736 4090 accedit,
1749 4027 1935 4102 magnaque
1958 4025 2029 4098 pass
2041 4027 2145 4073 aon·
2221 3981 2225 3989 ⁴

227 4201 228 4210 ¹
268 4159 274 4169 ,
392 4093 467 4170 „ssat
482 4099 620 4174 versibus
636 4103 790 4176 iambicis.
845 4101 937 4176 Idem
953 4099 1105 4173 Stibliaus
1122 4095 1266 4171 dramata
1283 4097 1408 4200 lingula
1423 4122 1537 4177 contra
1554 4107 1668 4178 theatri
1682 4111 1788 4204 graeci
1804 4101 2078 4184 consuetudinem
2103 4113 2147 4183 in

410 4207 499 4276 aslus
528 4205 670 4280 dilliuxit
695 4205 896 4308 stragulisque
918 4203 1048 4280 subiecit
1061 4197 1289 4302 praefationes,
1311 4226 1541 4304 argumentum
1557 4230 1726 4308 notasque.
1777 4209 1951 4282 Dedicatio
1973 4234 2033 4282 nec
2055 4237 2145 4284 non

408 4299 568 4404 praefatio
600 4307 713 4410 scripta
743 4308 990 4403 ellSrlrstadii,
1026 4311 1114 4401 apud
1140 4311 1258 4378 ueteris
1286 4311 1394 4382 Elsrbi
1422 4312 1589 4409 reliquias,
1624 4304 1759 4388 XXII.
1795 4316 1844 4384 die
1874 4313 2043 4399 ostiaris,
2084 4343 2146 4390 ara
2260 4336 2276 4345 ·

350 4441 351 4444 ’
409 4413 462 4498 M.
482 4415 526 4486 De
547 4417 710 4490 LVIIII.
765 4415 890 4487 Stiblini
907 4435 1003 4486 uotae
1019 4437 1089 4482 non
1104 4407 1286 4482 admodum
1302 4410 1444 4486 eruditae
1460 4412 1541 4489 sunt.
1570 4419 1707 4515 Reliqua
1725 4415 1797 4515 poll
1811 4443 1929 4490 omnes
1945 4418 2148 4516 tragoediae

198 4517 202 4525 ’
307 4518 314 4524 '
408 4511 564 4619 descripta
579 4517 653 4593 suut
668 4526 763 4617 typis.
817 4516 909 4591 Adde
927 4520 1052 4613 Georg.
1068 4510 1510 4615 Liaelr'r'Histor.poerarum
1528 4545 1725 4618 graecorum
1742 4521 2010 4594 (ἕω-1111111101.
2036 4549 2076 4620 p.
2100 4551 2148 4614 ῃ

409 4613 476 4718 sqq.
493 4629 544 4717 qni
560 4621 675 4712 scribit,
703 4623 876 4696 Stibliaum
893 4615 1232 4712 edidille'Euripidem
1247 4625 1339 4691 annis
1356 4628 1428 4714 1558
1443 4632 1574 4713 ernon.
1591 4621 1684 4700 Bafil.
1708 4651 1765 4722 per
1781 4627 1982 4724 Oposiuum.
2034 4629 2149 4700 Con.

407 4721 474 4794 rad.
493 4727 654 4800 Dinuerus
672 4727 779 4799 laudat
794 4728 967 4802 Stiblinum
981 4731 1017 4794 in
1030 4717 1127 4820 praes.
1145 4721 1184 4790 ad
1203 4720 1343 4817 epitheta
1363 4720 1417 4796 saa
1437 4748 1564 4822 graeca.
1617 4727 1680 4800 Sed
1698 4732 1842 4802 nimium
1858 4725 1980 4801 linislre
2001 4726 2041 4800 de
2069 4735 2150 4807 Sti·
2198 4793 2201 4796 ,

405 4826 497 4902 lilino
516 4831 691 4922 Barnelius,
707 4835 860 4926 interpres
881 4823 1043 4924 Euripidis
1059 4821 1150 4921 saepe
1164 4830 1365 4910 nominatus,
1388 4826 1531 4902 tom'll.
1549 4856 1580 4926 p,
1596 4855 1664 4920 425.
1684 4832 1765 4928 sam
1777 4837 1810 4902 iu
1825 4845 1894 4902 toto
1914 4834 2004 4905 illias
2018 4859 2148 4927 opere,
2177 4853 2182 4862 “

332 5021 339 5032 ⁶
406 4955 469 5026 quo
481 4939 515 5006 in
530 4938 716 5030 Euripidem
720 4933 856 5032 frinsius
869 4931 923 5028 est,
948 4929 1163 5020 nihilomnino
1182 4927 1274 5000 aetio
1296 4928 1419 5031 11011ιὶ111
1439 4936 1573 5032 dignans
1601 4941 1740 5030 reperio,
1752 4920 1898 5030 ‘excepta
1913 4925 2006 5032 'quod
2023 4937 2152 5036 arguj

2018 5061 2151 5120 orento
