4700 5809
653 140 676 181 Ι

29 343 38 590 q
215 422 519 545 Q
739 387 1401 531 conomrau·Q'ffl.EXTffl
1479 384 1773 507 narrantur.
1875 438 1938 531 ³⁶2

318 562 480 710 ethubea
500 597 727 718 lliillopbanit
746 642 826 691 cum
846 618 987 695 Seboliir
1008 616 1137 695 ineditis
1156 610 1252 695 fuilse
1269 623 1304 695 in
1324 618 1476 697 biblioth.
1499 622 1618 695 Renati
1640 622 1783 695 Morcau
1806 618 1937 695 testatur

25 771 35 1154 q
176 812 182 819 ι
317 721 463 791 Lanam
474 720 626 796 biblioth.
637 748 717 796 nou
728 722 828 795 MSS.
845 748 921 825 pag.
937 748 1003 813 2¹3·
1264 786 1275 807 ⁸
1447 742 1451 749 ·
1721 764 1726 773 ,
2041 743 2044 749 ,

218 852 255 951 a)
279 847 533 937 ΝΕΦΕἋΑΙ.
554 901 561 911 -
584 855 696 927 Nabar
711 852 755 943 l),
783 856 900 957 quib‘ur
919 858 1108 937 Socratem,
1133 859 1346 939 comicorum
1370 876 1635 939 contemtorem,
1667 856 1850 959 perstrinxit
1869 862 1936 933 Co·

96 962 99 967 ’
218 974 257 1030 .·
318 962 446 1080 micus,
469 958 511 1029 ab
525 962 640 1052 Anyto
653 954 695 1082 ᾖ)
708 976 742 1034 et
752 958 874 1035 Melito
886 955 1199 1133 adhocinlbgtur.
1249 960 1397 1033 Socrates
1412 960 1545 1061 quidem
1560 956 1735 1083 sciem,·se
1755 960 1936 1063 petendum
2057 1005 2097 1091 «Ι

317 1055 435 1140 salibus
455 1080 488 1135 et
509 1056 762 1153 scommatibus,
785 1090 857 1138 non
877 1060 984 1137 modo
1002 1080 1069 1135 rute
1135 1080 1167 1149 t,
1192 1055 1244 1133 sed
1265 1082 1314 1147 et,
1340 1090 1407 1163 quo
1428 1064 1469 1135 ab
1490 1065 1644 1139 omnibus
1664 1062 1844 1153 uideretur,
1869 1060 1936 1149 sor.

26 1156 30 1248 l
318 1171 413 1241 rexit.
465 1159 613 1253 Confer,
636 1162 792 1255 salaba,
812 1192 896 1269 quae
913 1170 972 1259 viri
986 1163 1076 1246 dodli
1096 1160 1482 1255 adAeuaa.11.13.var.
1510 1169 1602 1241 Plato
1624 1170 1689 1241 hoc
1711 1161 1825 1242 drama
1849 1168 1937 1245 milit

25 1262 27 1326 l
316 1266 359 1341 ad
375 1265 577 1359 Dionyfium
590 1268 718 1345 Siciliae
731 1292 931 1365 tyrannum,
957 1290 990 1345 et
1011 1296 1051 1343 ex
1072 1270 1139 1341 boc
1166 1266 1384 1369 [malisque
1406 1270 1629 1373 Aristophanis
1650 1270 1830 1345 comoediis
1851 1271 1935 1348 iuffit

243 1458 252 1471 ³
318 1376 442 1490 Remp.
456 1370 701 1451 Athenienstum
722 1368 866 1464 discere,
888 1392 924 1449 ut
942 1368 1044 1449 refert
1065 1374 1186 1550 colloq
1194 1382 1338 1549 zgrpecut
1360 1380 1453 1449 uitae.
1505 1370 1650 1451 Mirifice
1674 1374 1935 1556 populocNuben
1954 1372 1979 1489 χ’

546 1518 552 1525 .
1033 1554 1038 1572 Ι
1673 1560 1678 1569 ‚
1834 1506 1936 1567 onaret

104 1683 110 1691 ’
262 1679 286 1754 s)
313 1681 398 1749 Vnde
423 1684 608 1751 comoediam
632 1687 707 1752 bane
730 1683 938 1753 “brunicam
965 1696 1053 1750 vocat
1100 1684 1203 1765 tioque
1223 1676 1307 1743 suiss‘e
1327 1682 1363 1745 ab
1383 1684 1480 1755 anyto
1497 1696 1526 1747 et
1545 1682 1667 1761 Melite,
1695 1686 1800 1766 (uem
1820 1678 1941 1774 praetce'

152 1838 163 1855 ⁸
222 1768 369 1833 Viresad
382 1772 612 1861 Augustirilib.
627 1780 665 1839 11.
680 1776 716 1837 de
729 1778 813 1839 (301).
828 1796 889 1859 cap.
905 1792 935 1848 9.
948 1787 1010 1835 not.
1026 1795 1052 1834 e.
1102 1788 1138 1829 ea
1157 1772 1288 1831 socrate·
1307 1767 1402 1831 multo
1422 1772 1487 1854 post
1509 1772 1602 1839 abiam
1621 1774 1694 1835 hanc
1713 1708 1844 1836 labulam
1857 1776 1937 1859 apud

219 1875 248 1937 P·
265 1861 327 1932 ¹67·
350 1856 524 1925 Heumann.
579 1861 690 1925 Multur
712 1864 754 1923 est
772 1861 809 1923 de
831 1862 884 1923 hac
899 1858 1054 1920 comoedia
1105 1852 1265 1919 Platonem
1279 1854 1309 1915 in
1318 1856 1529 1940 Euthypbrone
1542 1878 1571 1942 p.
1580 1876 1611 1930 4.
1626 1858 1695 1921 edit.
1709 1862 1831 1943 bipont:
1840 1868 1937 1924 nomi·

222 1937 386 2023 Choustpil
404 1948 435 2007 in
455 1944 603 2032 supplem,
624 1947 662 2011 ,d
681 1946 768 2011 &ilfi
780 1950 852 2011 ω,
863 1926 928 2009 (fit,
942 1958 1017 2008 eom.
1029 1949 1053 2008 1.
1104 1956 1154 2000 nat
1167 1942 1219 1997 niu
1232 1932 1326 2020 ἕπῃ)
1341 1941 1511 2013 addubium,
1531 1942 1568 2005 ad
1587 1942 1795 2031 philosophum
1809 1951 1840 2009 in
1854 1944 1937 2011 scena

220 2029 285 2111 pag.
300 2036 357 2103 465
371 2028 433 2117 sqq,
455 2032 550 2099 Harl,
1105 2023 1297 2103 sugillandum
1312 2046 1453 2111 reumque
1467 2031 1621 2097 maiestatir
1634 2029 1817 2101 faciendumt
1837 2052 1937 2097 ecun-

978 2140 982 2153 =
1104 2116 1198 2173 trario
1215 2110 1296 2172 alind
1318 2110 1402 2175 fuiss'e
1415 2114 1613 2197 Aristophanis
1633 2116 1794 2179 confilium.
1837 2121 1938 2183 Nini.

261 2192 1055 2283 m)ue2auoeraar.1agmauasrtragtas,tror
1104 2217 1171 2259 rum
1184 2210 1474 2283 perpetuaerattum
1487 2204 1629 2285 temporit
1643 2201 1886 2287 pbilosophorum
1909 2221 1949 2281 ειΚ

220 2276 437 2363 Vpsalienfiaio
451 2286 524 2345 Hist.
537 2305 657 2362 gmecae
670 2282 787 2363 numae
800 2307 830 2369 p.
844 2302 891 2357 ¹23
904 2279 946 2365 sq.
967 2296 996 2343 et
1010 2280 1055 2343 so·
1103 2289 1282 2361 tragicorum
1304 2304 1371 2347 cum
1391 2290 1510 2347 comicia
1530 2292 1679 2349 contentio
1705 2304 1864 2374 mutuaque
1885 2293 1937 2353 ob·
2043 2352 2049 2357 .

219 2362 355 2429 leonibus
382 2363 628 2455 Philosophorum
655 2384 685 2431 et
712 2374 902 2433 comicorum
934 2367 1074 2430 diuidua.
1105 2372 1250 2433 mediatio.
1273 2374 1310 2433 So
1332 2372 1432 2444 bisiae,
1476 2392 1584 2433 uorum
1603 2372 1753 2457 disciplina
1769 2378 1939 2461 artibusque

217 2452 295 2513 baec·
310 2457 414 2528 unice,
441 2469 543 2540 putat,
571 2453 628 2518 etse
648 2452 821 2529 tribuenda,
854 2472 1054 2539 quaecumque
1105 2459 1236 2517 Socratae
1263 2392 1425 2516 adolescent
1490 2474 1551 2519 erat
1578 2458 1725 2535 inbonis,
1741 2482 1746 2499 ’
1761 2482 1937 2545 quamquam

221 2536 359 2601 aduersu·
385 2542 531 2603 Socratem
556 2542 760 2626 Austophanea
784 2540 904 2618 cffirtiit.
931 2537 1055 2603 Fabric.
1105 2539 1236 2602 adultior
1250 2538 1367 2602 illorum
1381 2544 1470 2604 hostia
1483 2544 1570 2605 euasit
1584 2550 1750 2625 acerrimus,
1772 2570 1869 2609 morea
1884 2570 1937 2633 po-

221 2624 371 2690 Fabricio·
384 2628 417 2687 in
433 2630 644 2689 notirmartiei
665 2626 693 2689 se
709 2631 906 2690 narntioncna
920 2622 1000 2687 illam
1016 2622 1053 2684 de
1103 2625 1253 2711 puiarium
1274 2640 1303 2688 et
1324 2632 1471 2691 ciuitatem
1493 2648 1698 2713 eonuperant3
1726 2632 1786 2717 ipse
1807 2637 1937 2697 Socratae
1978 2624 1988 2637 ¹

221 2714 319 2781 Anyto
338 2725 367 2773 et
380 2708 485 2775 Melito
496 2710 632 2776 fabuliaa
672 2710 951 2775 umeratseridetur.
980 2713 1053 2773 Scri·
1076 2706 1082 2712 ’
1106 2728 1169 2775 erat
1183 2711 1334 2797 Euripidi,
1354 2714 1391 2775 ab
1406 2715 1596 2801 Aristophane
1618 2714 1729 2800 saepiua
1748 2722 1779 2779 in
1794 2717 1874 2781 scena
1888 2742 1937 2785 er.

221 2796 386 2883 pfitcnim:
405 2800 554 2867 „Socratia
574 2798 669 2861 simiae
689 2814 719 2861 et
738 2798 875 2877 indignor
891 2795 1057 2881 sectatorer,
1106 2803 1234 2876 agitato,
1265 2803 1375 2872 amicue
1395 2816 1423 2863 ct
1444 2801 1723 2865 comicorumosor.
1788 2812 1827 2867 Vt
1848 2808 1954 2885 igitur.

222 2902 285 2944 non
303 2884 451 2947 Socratem
469 2888 594 2969 petitum
614 2886 653 2947 ab
666 2886 874 2969 Aristophane,
898 2882 981 2956 sunt,
1003 2885 1057 2966 qui
1107 2904 1173 2946 cura
1190 2886 1355 2959 Socratem,
1377 2898 1440 2947 tum
1460 2890 1489 2947 in
1509 2891 1612 2971 primia
1627 2890 1790 2973 sophistas,
1810 2912 1939 2975 quorum

222 2967 415 3035 contendant:
429 2969 523 3033 sedin
537 2970 809 3045 conmoriumuidc‚
822 2988 897 3054 quae
909 2968 1056 3053 disputan·
1106 2974 1132 3033 ie
1144 2968 1298 3055 personam
1320 2970 1357 3033 ad
1372 2976 1531 3047 unitatem,
1555 2993 1643 3057 quana
1657 2990 1780 3051 vocant,
1800 2976 1939 3063 personae
2010 2996 2015 3001 '

221 3068 273 3119 tur
302 3055 340 3117 ab
367 3058 486 3119 auooae
511 3056 699 3142 epistolarum
725 3055 867 3120 serianum
892 3052 1058 3142 incolarum
1107 3055 1315 3131 obtinendam,
1337 3057 1491 3119 commode
1512 3056 1648 3122 sustinere
1666 3066 1781 3146 potuit,
1804 3062 1875 3127 risui
1895 3065 1939 3129 lu-

222 3154 296 3204 tom.
312 3146 378 3205 1111.
398 3164 428 3227 p.
445 3158 503 3216 251.
552 3145 667 3207 Ibidem
686 3144 826 3217 docetur,
860 3140 1058 3225 Aristophani,
1106 3141 1265 3225 dibrioque
1291 3138 1548 3227 speciatorum'ex
1590 3160 1673 3208 ueret
1699 3152 1730 3209 in
1755 3151 1888 3223 theatro,
1911 3168 1940 3215 et
2042 3160 2049 3181 ⁸

223 3227 320 3291 Meliti
334 3231 474 3304 inimico,
495 3249 555 3290 non
575 3226 654 3317 posse
676 3231 816 3313 imputari
836 3246 936 3289 netem
956 3228 1056 3287 Socra·
1107 3248 1160 3311 per
1188 3228 1260 3289 bane
1288 3228 1466 3291 occasionem
1500 3250 1549 3291 mu
1563 3244 1591 3291 ta
1630 3230 1756 3295 aliorum
1787 3236 1940 3299 hominum
1980 3260 1985 3269 ·

221 3318 259 3375 tir
282 3314 349 3399 post
361 3317 425 3378 XV.
447 3314 564 3377 demum
584 3336 675 3378 aanor
696 3314 761 3377 iuffi
779 3316 868 3375 mori.
912 3314 998 3373 Certe
1013 3307 1057 3371 fa·
1106 3312 1253 3397 iptiuaque
1267 3316 1333 3373 aeui
1347 3312 1390 3374 sui
1405 3328 1433 3374 et
1447 3314 1572 3376 ciuitatis
1582 3332 1706 3462 peccata
1727 3318 1860 3404 malaque
1881 3324 1959 3385 cub,

222 3398 293 3463 bula
306 3398 358 3461 illa
372 3406 455 3462 annia
469 3405 585 3463 circiter
599 3405 663 3464 XX.
684 3405 792 3480 [immo
803 3418 878 3461 vero
895 3395 1057 3483 plurima]
1106 3412 1208 3483 paret,
1230 3402 1375 3461 Socratem
1390 3397 1459 3462 serit
1474 3398 1569 3461 inille
1595 3401 1679 3463 abula
1700 3406 1861 3489 principem
1876 3428 1941 3493 per.

224 3490 381 3549 mteuertit
399 3490 524 3553 Sometir
543 3486 775 3549 demnanoma
795 3482 897 3548 confer
908 3480 1061 3549 Palmm't'
1109 3482 1229 3559 sonam,
1255 3487 1286 3546 in
1305 3504 1431 3567 eumque
1451 3488 1549 3547 omnia
1568 3486 1709 3562 contulit,
1736 3510 1811 3573 quae
1839 3496 1941 3557 inSo.

227 3573 394 3647 Exercitatt.
414 3594 444 3658 p.
458 3582 524 3647 485.
544 3588 574 3635 et
595 3592 654 3651 729
669 3570 710 3657 sq.
751 3571 838 3637 Sam.
852 3569 946 3635 Petit.
968 3565 1020 3629 lib.
1034 3570 1057 3629 1.
1109 3571 1229 3655 phiitia,
1249 3570 1286 3631 ad
1300 3590 1375 3653 quoa
1390 3568 1481 3633 multa
1494 3591 1613 3655 quoque
1628 3571 1765 3657 spetiem,
1787 3596 1862 3660 quae
1876 3584 1955 3643 vni--
2088 3610 2092 3625 ι

227 3656 348 3723 Miscell.
362 3665 495 3743 cap'.·6.“
528 3690 572 3706 -
608 3656 759 3722 Palmatis
778 3654 1059 3719 animaduersionem
1110 3656 1193 3717 cede
1207 3653 1328 3718 illorum
1341 3656 1452 3719 artibus
1468 3674 1496 3719 ct
1512 3656 1680 3741 disciplina,
1703 3664 1823 3723 minime
1839 3662 1942 3729 deso·

226 3748 345 3830 repetiit
356 3748 522 3829 meritoque
540 3743 745 3829 comprobeuit
755 3742 873 3830 Kiistrr.
886 3746 918 3805 in
931 3743 1008 3803 notia
1022 3738 1059 3800 ad
1109 3746 1196 3803 cratia
1209 3740 1340 3803 doctrina
1356 3758 1442 3825 atque
1455 3744 1642 3825 opinionibus
1657 3744 1715 3807 dici
1727 3748 1849 3831 possint,
1871 3754 1942 3815 ridi·

127 3856 132 3861 ·
228 3834 301 3892 banc
321 3828 451 3892 fabulam
467 3850 536 3913 pag.
552 3847 600 3902 50.
632 3828 706 3893 addc
720 3826 853 3893 Bmact.
866 3840 1002 3889 notatum
1021 3820 1060 3887 ed
1110 3827 1175 3889 cula
1191 3828 1441 3913 improbandaque
1456 3826 1634 3891 viderentur.
1672 3834 1798 3903 Multum
1813 3834 1943 3903 colorent

229 3919 428 4001 Aristophanis
457 3916 561 3979 Nubes
582 3918 700 3977 initium
722 3936 751 3999 p.
768 3922 802 3987 ⁶5
818 3913 877 3997 sqq.
901 3916 969 3997 (qui
985 3912 1059 3972 hanc
1110 3913 1147 3974 ad
1166 3918 1257 3975 animi
1286 3912 1507 3975 delectationem
1528 3912 1675 3999 risumque
1704 3919 1837 3982 ciendum
1859 3922 1943 3987 fuiss'e
2017 3985 2019 3991 ,
2099 3956 2117 3975 s

229 4006 364 4064 omnium
376 4003 521 4085 Aristopb·
541 4001 760 4065 comoediarum
780 4000 984 4063 nobibffimam
1004 3994 1060 4059 etse
1110 3998 1255 4072 adfusum,
1279 4020 1366 4061 nemo
1380 4000 1506 4077 negabit.
1550 4005 1629 4063 Haec
1643 4004 1773 4066 etmulta
1786 4006 1853 4081 alia,
1867 4030 1943 4093 quae

229 4106 317 4237 lili
323 4086 515 4255 affl?
509 4110 545 4235 ,¹1¹
546 4082 1061 4257 flatss'ssllssltnlsslltzli
1111 4084 1944 4257 lllss’ltlrliss‘tzz{substillum

232 4280 295 4322 cam
313 4254 468 4323 exseruisse
488 4255 711 4333 admirabilem,
738 4261 802 4319 iure
822 4257 941 4331 censet,)
970 4256 1000 4317 et
1025 4252 1062 4315 cl.
1112 4271 1142 4317 et
1156 4277 1210 4321 cur
1224 4258 1421 4341 Aristophanir
1435 4262 1548 4341 priores
1562 4260 1664 4321 Nubae
1684 4262 1812 4323 iudicum
1834 4264 1943 4331 sentcn-

234 4342 368 4428 Tyrlrsrn
387 4348 418 4406 in
435 4348 473 4407 11.
488 4358 685 4407 commentatt.
700 4342 776 4410 uber
794 4342 853 4409 dm
873 4340 994 4427 Process
1011 4340 1064 4404 dtr
1113 4345 1156 4405 tia
1169 4340 1272 4403 alienia
1286 4340 1396 4405 farerint
1415 4342 1605 4425 postpofitao,
1627 4346 1768 4409 iudicium
1791 4348 1944 4413 strendum

229 4430 396 4507 Socrates,
415 4433 461 4492 in:
484 4428 653 4493 Bibliotheir
669 4427 810 4492 deralten
824 4432 985 4493 litterator
1003 4424 1065 4488 und
1114 4428 1326 4500 conducerent,
1345 4432 1376 4489 in
1393 4427 1451 4488 illia
1472 4426 1685 4511 proiufionibua
1706 4434 1876 4497 academicis
1898 4434 1944 4498 fu-

232 4506 342 4591 liunfl,
362 4520 517 4600 portabet
530 4520 569 4578 11.
590 4519 765 4595 Gottingae,
786 4523 867 4592 1786.
899 4518 994 4597 Atque
1010 4532 1065 4591 ero
1115 4514 1172 4575 siue
1190 4510 1326 4596 explicui.
1378 4516 1485 4597 Neque
1508 4516 1599 4591 igitur
1625 4518 1794 4578 inimicitiae
1823 4514 1946 4605 ¹odiique
2045 4577 2050 4588 .

181 4661 184 4665 .
232 4592 265 4667 in
283 4618 412 4688 quatuor
425 4601 689 4685 programmatibua
701 4623 748 4663 an.
763 4613 834 4681 1787
847 4600 886 4683 sq.
900 4598 981 4663 illiue
992 4610 1066 4660 tem·
1116 4596 1210 4661 caussa
1229 4598 1434 4680 Aristophaneo
1454 4594 1526 4659 banc
1547 4596 1615 4659 serit
1637 4604 1847 4679 comoediam,'
1870 4606 1946 4679 (uid.

234 4693 317 4775 potia
331 4689 484 4750 historiam
504 4685 626 4772 exposui
644 4686 801 4771 multisque
822 4689 999 4764 argumentir
1021 4684 1066 4745 hi·
1116 4682 1212 4747 schot.
1233 4684 1269 4744 ad
1291 4683 1370 4745 Nub.
1386 4689 1448 4757 96.)
1472 4704 1566 4766 neque
1585 4680 1634 4745 illa
1648 4688 1777 4749 Socraten
1790 4692 1819 4751 in
1832 4688 1946 4776 pericu.

236 4778 348 4839 noricis
372 4767 463 4855 atque*
478 4777 632 4851 exegetirir
654 4772 771 4835 euiciss'e
792 4774 938 4846 arbitror,
959 4771 1067 4832 Aristo·
1088 4809 1097 4823 .
1117 4768 1179 4831 lum
1206 4767 1308 4831 iudicii
1334 4772 1471 4853 vitaeque
1498 4773 1589 4831 venit.
1624 4770 1697 4831 adde
1713 4772 1893 4860 Goldhagea
1915 4784 1946 4845 in

234 4865 362 4947 phanem
421 4858 532 4919 rbanc
551 4856 680 4919 fabulam
701 4879 738 4921 uc
766 4858 983 4921 remotissimam
1001 4858 1067 4938 qui·
1117 4852 1281 4941 prolegom.
1294 4852 1330 4915 ad
1345 4857 1506 4917 vernonem
1525 4857 1612 4917 huiua
1631 4860 1800 4921 comoediae
1819 4884 1947 4945 german.
1990 4858 2027 4872 “’
2159 4904 2171 4932 f

235 4950 303 5009 dena
317 4942 362 5007 fui
386 4942 536 5010 ccauss'am
550 4939 684 5028 supplicii
702 4945 738 5005 de
752 4948 867 5016 Socrate
894 4942 992 5004 multis
1006 4946 1071 5026 post
1120 4938 1182 5005 vol.
1198 4946 1248 5003 111.
1262 4962 1291 5023 p.
1306 4956 1346 5016 77
1361 4939 1420 5025 sqq.
1433 4946 1466 5005 in
1480 4938 1574 5002 illiue:
1588 4944 1772 5007 Griccbische
1786 4950 1844 5011 und
1857 4958 1948 5017 rbmi·
1995 4956 1999 4963 '

231 5024 327 5105 bonu,
345 5027 469 5092 alraa'ob
485 5013 655 5105 calumniat,
666 5026 765 5106 sumti,
784 5052 836 5092 nec
854 4988 988 5117 pleribue
1003 5049 1070 5114 pre·
1119 5026 1186 5091 sebe
1200 5024 1384 5109 annalogia.
1406 5026 1622 5109 Brmdenburg.
1645 5038 1724 5111 ¹7⁶⁸·
1746 5042 1771 5105 8.
1794 5035 1887 5101 Harl.
