4700 5809
214 454 494 582 vuarnerio
762 510 1037 591 cosrornur
1068 500 1364 626 orrannmut
1444 516 1549 589 m.
1564 508 1611 595 rr.
1624 508 1770 587 ..ω
1856 510 1932 599 aa

250 793 255 806 Ι
286 797 291 808 ‚
313 696 447 771 Atthide
463 694 563 772 refert
575 701 692 773 audior
708 696 912 777 scholiorum
927 702 1124 779 ineditorum
1145 710 1176 779 in
1202 684 1429 803 Lysistratam,
1455 730 1537 807 quae
1553 710 1587 777 in
1600 699 1934 805 codiceBarocciano'
2040 714 2076 784 “,
2104 786 2106 793 y

309 804 487 881 XXXVlll.
507 798 614 875 seruat
633 804 831 879 Bibliotheca
851 807 1048 889 bodleiana,
1079 833 1111 883 et
1131 807 1207 883 licet
1229 812 1339 885 breuia
1360 806 1439 899 suit,
1471 804 1655 909 dignissima
1679 826 1810 892 tarnen,
1844 826 1928 905 quae

168 965 171 970 ’
313 904 462 993 “³³¹¹in
474 903 792 995 iudicaiDodmellas
807 908 970 1005 deCyclis
984 906 1186 986 Graecorum
1201 941 1233 1013 p.
1253 938 1324 1005 742·
1376 916 1491 1015 Neque
1515 912 1571 1009 [l]
1594 894 1795 987 illa'eruditis
1808 904 1928 981 diutius

220 1030 223 1038 ·
296 1008 469 1103 ¹‚inuidebit
480 1007 654 1111 exquisitae
670 1006 737 1112 ipse
751 1011 942 1087 eruditionis
955 1021 1006 1094 uir
1019 1014 1213 1115 ludolphus
1230 1018 1399 1103 lliillerus,
1422 1022 1483 1119 qui
1506 1014 1621 1089 eadem
1642 1042 1660 1087 e
1677 1010 1858 1087 Bodleiano
1873 1034 1927 1083 co·

217 1143 224 1157 ·
301 1110 384 1188 *dioe
396 1108 554 1209 descripta
571 1134 603 1188 et
614 1113 733 1187 collata
749 1142 827 1187 curn
843 1114 957 1190 codice
970 1112 1006 1189 ls
1021 1116 1121 1191 Vollii
1135 1136 1251 1204 {nouae
1266 1114 1357 1206 suae,
1383 1143 1483 1220 quam
1501 1139 1605 1219 parat,
1628 1116 1847 1215 Aristophanis
1860 1110 1926 1187 edi.

314 1221 395 1289 tioui
416 1215 581 1317 adiunget.
615 1216 720 1392 [quod
746 1216 871 1294 sadlum
894 1215 958 1293 else
978 1226 1014 1294 in
1033 1242 1113 1295 nota
1136 1218 1273 1297 lubiedla
1297 1227 1495 1297 notauimus.
1571 1226 1615 1293 At
1637 1218 1761 1294 Kiister.
1782 1216 1835 1293 vel
1856 1242 1926 1290 non

307 1315 381 1394 satis
400 1317 574 1419 diligenter
592 1319 632 1394 de
647 1327 793 1422 criptum
809 1325 980 1423 exemplar
998 1326 1129 1413 habuit,
1153 1325 1206 1399 rel
1229 1332 1338 1399 minus
1364 1324 1429 1401 lide
1449 1320 1600 1402 reddidit.
1658 1322 1780 1396 Saltem
1794 1326 1844 1394 vir
1857 1324 1927 1421 qui·

206 1467 215 1487 .
308 1424 389 1501 dam
404 1422 522 1499 dolius
535 1431 571 1499 in
582 1428 779 1526 apographo
792 1421 854 1500 suo
867 1426 1064 1501 eorumdem
1080 1423 1283 1509 scholiorum
1301 1426 1407 1503 ecod.
1424 1434 1623 1502 Rarocciano
1645 1430 1736 1519 1697.
1751 1421 1925 1523 descripto,

309 1522 403 1628 saepe
422 1528 515 1601 aliter
534 1523 945 1629 scriptum'deprehendit,
985 1558 1085 1634 quam
1112 1532 1263 1607 Kiillerus
1290 1530 1407 1621 edidit,
1447 1552 1503 1605 aut
1529 1532 1596 1631 legi
1621 1534 1655 1601 in
1670 1534 1809 1629 'Barocc
1834 1526 1924 1600 telia-

307 1654 359 1705 tus
373 1630 435 1719 est,
459 1654 493 1706 et
506 1637 696 1707 varietatem
717 1632 888 1728 ledlionis,
913 1662 974 1708 noc
996 1662 1074 1709 vero
1089 1630 1218 1739 semper
1231 1633 1390 1731 sacenae,
1415 1636 1565 1735 uulgauit
1588 1627 1782 1707 inMiscell.
1796 1626 1924 1705 obleru.

216 1736 242 1835 J
310 1732 401 1834 belg.
415 1754 499 1809 tom.
516 1736 544 1809 l.
559 1735 625 1810 vol
640 1738 715 1810 Vll.
732 1762 764 1835 p.
780 1761 890 1829 125-
910 1761 976 1825 132.
1003 1739 1119 1833 Harl]
1169 1730 1710 1839 CitauturaSuidain’Apo'qurra
1733 1756 1766 1809 et
1787 1734 1926 1829 alibi‚a
1992 1804 1995 1811 r

310 1838 593 1934 Franciscolqaio
618 1840 832 1939 iuCatalogo
846 1843 1021 1915 Artilicurn
1044 1871 1078 1943 p.
1094 1868 1159 1933 ras.
1184 1844 1290 1919 Galen
1311 1840 1351 1917 ad
1372 1848 1583 1917 Antoninum
1601 1838 1782 1913 Liberalem
1806 1864 1835 1935 p.
1852 1842 1923 1926 ¹4⁶·

308 1960 371 2015 etc.
422 1945 549 2015 Locum
565 1971 585 2015 a
599 1940 758 2016 Salmafio
775 1941 989 2020 emendatum
1011 1941 1110 2019 refert
1125 1950 1259 2017 Sarrae.
1274 1952 1307 2019 iu
1318 1946 1415 2045 Epist.
1437 1974 1470 2046 p.
1490 1941 1557 2034 a43.
1571 1946 1712 2023 Febris.
1781 1942 1924 2014 Brisari.

207 2052 224 2093 '·
275 2118 280 2125 ,
310 2049 351 2117 V.
367 2048 406 2118 Q
421 2065 505 2119 tom.
520 2048 545 2125 l.
565 2044 643 2123 odit.
662 2045 830 2145 praemisit
852 2047 1120 2147 chronologiam
1142 2044 1328 2123 fabularum
1350 2048 1590 2150 Aristophanis,
1619 2071 1760 2149 quarunt
1784 2036 1924 2121 didasca-

155 2200 160 2208 -
215 2179 220 2187 ·
305 2149 369 2225 liae
396 2170 501 2221 certae
531 2142 622 2238 sunt,
643 2148 684 2222 ab
702 2149 841 2252 Olymp.
857 2152 1065 2224 Lxxxvttt.
1085 2178 1121 2225 vs
1142 2178 1184 2228 uc
1206 2150 1247 2225 ad
1267 2154 1400 2227 XCVII.
1472 2146 1699 2227 Praetermilsrs
1721 2154 1763 2237 iia
1778 2152 1923 2245 integris,

312 2252 427 2352 quibus
449 2278 593 2335 annum,
627 2279 696 2352 quo
716 2258 807 2329 adlae
832 2249 984 2343 suerunt,
1011 2259 1077 2328 iam
1103 2180 1364 2355 adfignauimus,
1403 2255 1604 2356 reliquarum
1629 2278 1669 2325 ex
1694 2252 1751 2325 illa
1773 2248 1925 2325 delibabi·
1959 2312 1965 2335 ,

298 2382 383 2429 mus
395 2353 550 2429 indicatas
564 2351 760 2431 didascalias.
793 2357 935 2456 Olymp.
948 2358 1151 2431 Lxxxvnt.
1167 2382 1192 2431 1.
1208 2364 1374 2433 Archonte
1387 2362 1540 2433 Diotitno
1552 2356 1754 2449 Δωτωλῇς,
1780 2380 1869 2427 anno
1884 2354 1923 2425 ll.

304 2451 529 2544 Βαβυλῶνιοι.
581 2458 723 2559 Olymp.
738 2462 825 2536 xct.
841 2486 871 2537 a.
891 2464 1060 2535 Archonte
1075 2463 1238 2551 Chabria,
1263 2456 1494 2565 Ἀμφιάραος.
1545 2459 1684 2557 Olymp.
1698 2460 1800 2530 XCll.
1818 2480 1847 2546 4
1865 2462 1924 2532 dr·

306 2566 430 2636 chonte
443 2560 581 2658 Diocle,
604 2564 747 2643 Πλέτος
767 2571 806 2637 t.
857 2562 933 2637 Poll
947 2565 1087 2668 Olymp.
1106 2568 1242 2641 xcvtt.
1265 2561 1475 2649 'nroaoohav
1497 2585 1530 2640 et
1543 2559 1717 2644 Κώκαλος.
1744 2560 1846 2633 Harl·

214 2810 223 2821 ·
357 2768 414 2839 ΙΙΙ.
438 2766 695 2867 Deperditarum
709 2770 933 2873 tnstophanis
950 2770 1216 2847 comoediarum
1232 2771 1334 2874 longe
1348 2776 1457 2846 maior
1470 2772 1515 2847 ell
1531 2770 1718 2869 catalogus,
1741 2791 1841 2867 quem
1857 2766 1923 2843 hoc¹
1968 2828 1972 2836 .

204 2872 282 2947 loco
305 2871 422 2966 lodlori
444 2870 714 2975 repraesentabo,
741 2874 869 2951 adiutus
890 2870 1166 2951 obseruationibus
1189 2878 1500 2979 Iomnirstlmrsti
1521 2882 1555 2947 in
1575 2874 1773 2946 Bibliotheca
1792 2874 1922 2944 ,Graeca

205 2975 395 3077 litticaque,
419 2976 572 3050 Guilalaal
590 2978 769 3053 cauteriet
784 2979 1033 3053 (raucescant
1050 2986 1087 3053 in
1105 2976 1301 3081 fragmentis
1318 2980 1562 3083 Aristophanis,
1581 2998 1619 3051 xet
1634 2976 1782 3049 Andreae
1801 2974 1923 3043 schotti·

204 3086 240 3151 in
253 3086 310 3175 iis,
334 3106 418 3181 quae
436 3085 689 3179 praemittuntur
709 3079 843 3157 editioni
858 3080 943 3157 hrill
990 3088 1023 3174 h.
1038 3110 1091 3157 an.
1106 3089 1195 3173 1624.
1214 3102 1247 3157 et
1261 3090 1355 3178 1670.
1380 3110 1422 3157 ta.
1449 3080 1562 3156 Suidas
1583 3102 1615 3155 et
1635 3082 1792 3153 Thomas
1813 3079 1924 3173 Magi·

206 3182 268 3257 sier
283 3189 317 3255 in
330 3188 399 3257 eius
413 3189 478 3256 rita
494 3181 643 3272 tradunt,
667 3179 776 3285 ipsum
797 3110 1109 3274 docusseodramata
1125 3190 1209 3261 Llll.
1231 3207 1267 3261 vt
1289 3190 1324 3259 in
1345 3188 1448 3263 altero
1468 3210 1642 3278 anonymo
1665 3188 1747 3255 vitae
1767 3176 1924 3279 scriptore

205 3314 298 3359 error
316 3280 380 3359 elle
393 3284 538 3361 videatur
548 3278 617 3389 pd‘.
632 3314 695 3387 pro
711 3280 766 3367 ad‘.
780 3312 836 3378 44.
851 3297 914 3389 pro
927 3311 977 3382 54.
1028 3294 1165 3371 Euthia,
1190 3312 1348 3393 quatuor:
1376 3294 1526 3381 Ποίησιν,
1551 3282 1737 3381 Noluisse,
1761 3274 1878 3375 Neleus
1892 3297 1924 3353 et

206 3390 325 3480 Nlolln
337 3390 390 3463 alii
407 3391 593 3466 maluerunt
604 3383 726 3465 referre
743 3390 785 3465 ad
800 3394 899 3466 Archi
924 3420 1018 3493 pum.
1043 3394 1170 3466 Febris.
1227 3396 1423 3493 Fragmenta
1443 3396 1655 3491 recognouit‚
1681 3389 1791 3475 auxit,
1813 3408 1924 3458 emen·

206 3492 296 3570 dauit
319 3513 353 3567 et
373 3494 552 3593 elegantius
572 3490 778 3569 excudisecit
797 3495 859 3570 cel.
969 3494 1012 3572 cl.
1029 3515 1113 3570 tom.
1125 3498 1179 3566 lll.
1204 3522 1239 3596 p.
1253 3520 1309 3571 ato
1322 3490 1390 3599 sqq.
1414 3516 1446 3570 et
1466 3494 1656 3593 catalogum
1678 3487 1923 3591 deperditarum

205 3595 457 3675 comoediarum
472 3602 613 3671 curatius
627 3591 837 3686 confectum,
863 3599 1131 3689 multisreiedlis,
1154 3604 1336 3701 quasvncis
1350 3595 1486 3674 inclusas
1499 3596 1646 3697 signabo,
1671 3592 1771 3670 dedit.
1804 3592 1922 3691 Toup.

53 3714 61 3728 ‘
206 3702 246 3779 ad
271 3699 407 3777 Suidam
433 3701 541 3776 multa
561 3701 637 3777 loca
663 3710 825 3790 correxit,
855 3702 969 3804 quod,
1000 3710 1075 3805 quia
1096 3704 1237 3779 Brunck.
1271 3708 1307 3775 in
1328 3701 1461 3805 lingulis
1480 3698 1675 3801 fragmentis
1696 3704 1762 3771 iam
1786 3692 1922 3771 adnota·
2030 3753 2034 3760 .

205 3814 271 3903 vit,
295 3806 397 3879 vbiuis
411 3827 555 3905 repetere
567 3796 671 3895 nolui.
721 3810 774 3880 De
793 3801 987 3904 fragmentis
999 3806 1105 3889 Atilio
1129 3810 1240 3880 haneia
1259 3803 1432 3909 diligenter
1451 3798 1648 3907 copioseque
1667 3794 1788 3880 dillerit
1808 3794 1921 3874 Burm-

206 3918 247 3987 ll.
271 3916 307 3983 in
324 3902 527 4011 praelatione
546 3908 588 3982 ad
603 3908 748 4007 Bergleri
762 3907 941 3985 editionem
962 3936 1037 4011 pag.
1052 3919 1090 3985 16
1103 3834 1172 4011 sqq.
1195 3910 1296 3983 Harl.
1990 3920 1993 3925 ’

206 4057 395 4166 Clysma.)
421 4050 542 4137 Athesi.
569 4061 697 4139 Pollux
713 4066 785 4136 Vll.
802 4068 872 4153 ror.
888 4062 1067 4165 legendum
1082 4054 1279 4166 'didymos
1313 4058 1396 4157 [vid
1409 4062 1527 4141 Bam.
1540 4054 1679 4169 praelat.
1692 4084 1769 4165 pag.
1783 4056 1847 4155 ro]
1997 4030 2000 4053 ¹

205 4192 426 4301 l'h‘yattts'atl)
450 4198 572 4272 Pollux
583 4199 656 4271 Vll·
670 4193 744 4275 loll.
762 4204 832 4281 168.
857 4201 929 4294 [vbi
952 4197 1133 4300 legendum
1147 4195 1386 4297 Ταγηνιςοῖἷς]

150 4319 155 4327 “
204 4333 428 4421 ’mmm
457 4333 580 4408 Atiam,
593 4362 625 4436 p,
634 4356 683 4427 95.
701 4326 736 4409 F.
760 4364 793 4436 p.
811 4342 886 4427 27⁶·
900 4338 939 4409 C.
974 4334 1057 4407 Poll.
1074 4336 1179 4431 [179.
1199 4336 1254 4408 tx.
1271 4338 1322 4423 63.
1346 4353 1378 4405 et
1399 4332 1511 4408 multis
1532 4332 1601 4407 aliis
1618 4330 1700 4406 locis
1721 4326 1935 4428 allerglero.

307 4439 493 4539 meliusque
510 4463 529 4512 a
544 4438 709 4512 Brunckio
728 4436 875 4511 indicatis
892 4429 1132 4547 explicitisque]
1157 4436 1324 4511 Platonius
1339 4434 1380 4510 de
1394 4431 1567 4511 Differeut.
1583 4432 1795 4551 Comoedias.
1811 4436 1866 4607 qui
1879 4450 1924 4503 te·
2049 4460 2052 4467 ·

361 4566 369 4571 ·
1356 4558 1358 4561 ’
1841 4553 1924 4621 atur,

78 4824 81 4827 ⁴
207 4755 312 4826 chao,
331 4746 439 4813 collato
458 4728 578 4822 codiee,
598 4748 630 4807 in
648 4764 710 4831 quo
732 4744 835 4809 eadem
854 4742 906 4811 illa
925 4744 1040 4813 Scholia
1090 4744 1180 4809 xcn.
1202 4760 1225 4805 t.
1246 4740 1403 4829 additque,
1433 4708 1607 4805 sch'oltatten
1627 4754 1756 4807 veterem
1782 4742 1821 4808 ad
1847 4741 1921 4807 vers.

204 4842 239 4902 in
251 4836 433 4908 heumann
450 4833 532 4908 sunt,
552 4832 957 4908 Voffiano,mne1.eidens1,
978 4838 1041 4918 pri·
1089 4836 1175 4906 1096.
1191 4844 1309 4913 terttpua¹
1318 4826 1487 4891 didascalicis
1508 4827 1733 4892 huius-fabulae
1744 4830 1785 4893 ab
1803 4833 1924 4899 auctore

205 4920 371 4986 mnf-rit
385 4919 496 5005 publici
509 4922 593 4983 iuria.
623 4916 705 4981 Illius
718 4924 796 4981 enim
812 4918 1042 4985 etScholiorunr
1091 4918 1186 4981 didiae
1201 4914 1395 5000 hypotheseos
1409 4912 1586 4992 adlignatum
1600 4914 1803 4981 corroborare.
1847 4920 1925 4987 Vide
2022 4953 2028 4978 r

205 5012 312 5089 aufior
326 5008 434 5080 tradit,
453 5007 553 5078 drama
569 5006 628 5068 hoc
647 5006 744 5068 aetam
766 5004 851 5071 fitilla
865 5007 1041 5067 ὖκὶκιλλίι
1091 5005 1128 5066 de
1151 5002 1256 5066 eodem
1281 5000 1372 5064 Callia
1390 5000 1428 5063 ad
1450 5000 1585 5085 eumdem
1606 4999 1800 5088 Olympiades
1815 5028 1923 5073 annum

192 5090 366 5199 'Agamaq
384 5094 422 5155 ei
431 5086 683 5175 minelum
694 5082 832 5175 sebum
842 5096 865 5157 i.
878 5113 905 5157 e.
920 5090 1040 5182 olymp.
1093 5088 1207 5177 corstaa'
1221 5087 1251 5155 F.
1264 5091 1298 5157 h
1317 5091 1369 5152 111.
1390 5106 1456 5175 paq.
1469 5082 1576 5175 asrsq.
1598 5084 1693 5155 Harl.
1738 5190 1740 5195 Ι
