4700 5809
91 536 124 556 ,,
242 461 455 570 eastra.
597 560 600 568 ,
693 469 700 474 ’
782 460 786 468 ’
857 535 867 554 -
957 449 1251 611 maternus
1381 440 1802 577 ”ratramne
1902 498 1970 593 aa
2061 570 2065 576 i

241 573 455 606 ιιι-ειμι-

212 773 216 778 ,
242 687 340 803 νόᾡα
352 679 413 786 ιω)
426 705 505 793 nvp·
523 647 680 788 aipotssaii
691 711 761 758 uon
778 684 937 782 pertinere
949 685 990 762 ad
1006 686 1245 771 antecedentia,
1268 670 1326 782 scd
1343 677 1574 787 coniungenda
1589 683 1652 766 else
1668 712 1746 761 cum
1765 682 1969 790 sequentibus

240 819 298 888 χρη
316 821 436 890 mg.
450 789 502 871 eol
516 791 687 871 walamer
703 791 813 861 carrlia
828 795 913 885 ignis
927 793 1130 886 viriffitrtrline
1141 790 1299 884 constare:
1322 789 1459 864 illullrat
1481 789 1514 862 id
1534 819 1553 864 e
1572 790 1651 864 loco
1666 793 1794 892 Etrsrhii
1806 791 1862 864 lib.
1879 797 1967 868 XIV.
2055 825 2064 840 ·
2109 856 2111 861 .

239 919 389 994 praepar.
405 915 611 998 euange'cap.
626 893 655 983 ς’.
676 889 855 970 secundum
872 891 1079 976 Heraclitum
1097 900 1208 1020 iguem
1226 889 1290 966 effe
1312 898 1511 1002 principium
1535 900 1845 992 omnium‘aerum3
1864 921 1965 971 exeo
2015 975 2020 982 ,
2157 959 2161 966 .

123 1045 125 1050 ,
202 999 460 1080 'omnialieri,
479 997 675 1072 etinillum
696 1001 810 1068 omnia
831 991 967 1082 resolui,
993 991 1142 1097 α’μωβην
1163 991 1238 1099 peip
1263 994 1342 1096 esven
1362 991 1415 1074 aad
1434 989 1579 1079 adram.
1604 987 1810 1100 explicatque
1832 994 1966 1074 sensum
2061 1048 2066 1059 ·

239 1099 327 1174 illiue
343 1097 527 1200 dogmatis:
552 1100 693 1200 denique
708 1105 743 1170 in
760 1101 919 1195 Diogenis
935 1099 1012 1172 loco
1028 1095 1162 1174 scribere
1179 1101 1273 1172 malit
1293 1097 1454 1200 γινέμενοι
1478 1101 1599 1200 absque
1621 1103 1760 1175 articulo
1774 1099 1843 1180 rel.
1870 1112 1963 1177 edm·
2046 1171 2056 1184 ,

240 1209 544 1306 queinterpretari,
559 1209 731 1298 'naeniaque
752 1206 838 1296 ignit
858 1201 1060 1294 viciffitnh'ne
1081 1202 1238 1296 constare,
1263 1227 1298 1273 eo
1319 1202 1689 1299 aimiramstdmsante
1707 1207 1885 1298 acuiriffim
1908 1231 1962 1280 ra-
2068 1233 2071 1241 ’
2177 1215 2181 1224 “

195 1303 374 1402 ,Ὗψιοιέσ
390 1317 528 1406 genita.
567 1305 630 1380 sed
655 1301 792 1379 omnem
814 1305 972 1401 Heracliti
994 1301 1238 1408 philosophiam
1258 1305 1440 1405 explicare,
1475 1331 1547 1378 non
1565 1329 1677 1384 vacat.
1712 1329 1808 1408 atque
1834 1329 1962 1406 praeter

236 1407 441 1500 Stapleium,
475 1409 665 1494 Olearium,
699 1409 918 1494 Brackerum,
935 1406 1222 1481 'Tiedeniannum
1243 1409 1390 1508 aliosque
1419 1406 1451 1480 id
1470 1414 1539 1505 'egit
1558 1411 1744 1508 Mcitterſsas
1765 1418 1805 1483 in
1829 1411 1959 1484 billoria

102 1535 111 1552 ·
236 1509 459 1586 dodlrinaede
472 1509 535 1586 deo
553 1541 585 1614 p.
604 1537 667 1602 347
682 1507 748 1612 sqq.
767 1531 799 1584 ct
814 1517 847 1582 in
863 1513 993 1584 hilloria
1008 1510 1233 1586 dodrinarum
1259 1509 1349 1612 apud
1368 1515 1513 1585 Graecos
1528 1531 1591 1585 etc.
1612 1532 1695 1586 tom
1715 1518 1739 1586 Ι.
1759 1541 1794 1614 p.
1809 1520 1871 1604 6¹9
1890 1509 1960 1616 sqq.

235 1635 336 1714 atque
347 1612 502 1716 inpraes.
518 1617 559 1688 ad
572 1639 658 1690 tom.
676 1620 717 1688 ll.
731 1641 762 1715 p.
777 1616 878 1698 XXX,
929 1617 1066 1713 Dogana
1079 1615 1270 1704 Heracliti,
1283 1616 1586 1712 uniuersaflamiait
1601 1619 1637 1685 in
1648 1641 1768 1687 ⁴tenram
1784 1620 1980 1713 demetere*

236 1716 326 1818 apud
349 1722 479 1791 Platon.
495 1719 620 1813 Cratyl.
645 1725 719 1818 pag.
735 1724 809 1807 267.
830 1735 914 1789 torn.
928 1719 984 1786 ΙΙΙ,
1005 1716 1081 1793 edit.
1096 1722 1225 1820 Bipont.
1244 1716 1392 1818 aliosque
1412 1715 1538 1791 multos
1558 1722 1738 1791 occurrit.-
1772 1718 1809 1790 Ιδ
1829 1741 1958 1818 praeter
2093 1782 2097 1788 ,
2146 1701 2183 1768 .‘
2224 1739 2229 1741 ·

120 1906 124 1920 ,
235 1821 428 1920 Menaginm
445 1820 486 1894 ad
501 1825 602 1922 Diog'.
618 1828 722 1895 Laert.
738 1849 770 1921 p.
791 1845 858 1912 579.
890 1819 950 1890 Th.
966 1821 1135 1902 Gatacktn
1150 1821 1192 1895 ad
1208 1827 1366 1896 Antonin.
1383 1822 1423 1893 ll.
1437 1823 1473 1918 §3
1489 1844 1532 1910 ις.
1546 1848 1579 1920 p.
1594 1847 1632 1912 75
1651 1815 1697 1920 sq.
1722 1819 1799 1895 edit.
1814 1823 1958 1900 Londiu.

235 1945 333 2014 1707.
348 1939 378 2015 q'.
405 1932 439 2000 it.
453 1951 596 2025 pagrrr.
623 1932 657 1997 in
673 1917 787 2024 primia
803 1929 858 1997 lV.
875 1922 904 2018 ᾗ.
922 1947 970 2010 43.
987 1951 1063 2024 pag.
1082 1920 1201 2025 165·sq·
1225 1945 1256 1998 et
1278 1924 1500 2022 Wytteabach.
1514 1921 1556 2014 ad
1573 1923 1791 2016 Plutarchde
1805 1929 1837 1998 S.
1850 1931 1955 2004 N.·V.
1985 1993 1990 2002 .

235 2051 311 2126 pag.
321 2034 364 2116 qt·
379 2019 422 2128 sq.
439 2028 533 2126 plura
548 2027 621 2100 loca
638 2028 841 2126 colligentes,
866 2025 1022 2124 explicuit
1038 2030 1188 2100 Braclr‘r.
1203 2033 1237 2099 in
1250 2026 1382 2099 hilloria
1397 2019 1625 2126 philosophica
1639 2025 1680 2130 de
1694 2024 1772 2100 ideia
1785 2023 1861 2101 scd.
1871 2035 1896 2103 l.
1911 2027 1957 2102 ad

236 2129 273 2226 §.
289 2133 332 2199 Vl
339 2132 376 2202 ll.
391 2125 466 2229 pag.
477 2127 614 2232 ‚123sqq.
638 2153 735 2232 atque
756 2135 788 2200 in
807 2127 1033 2226 supplemento
1052 2135 1092 2202 ll.
1106 2130 1145 2203 ad
1162 2130 1255 2228 illam
1277 2129 1446 2202 historiam
1466 2135 1501 2200 in
1521 2132 1726 2202 schelhornii
1750 2138 1957 2220 nmoeuitat.

235 2227 319 2304 liter.
336 2252 419 2309 tom.
436 2237 525 2308 Vlll.
547 2261 621 2336 pag.
638 2259 690 2322 3¹2
708 2227 777 2334 sqq.
799 2233 930 2306 vlterius
950 2230 1105 2320 illustrat,
1118 2221 1324 2332 probaturus
1340 2231 1420 2304 loco
1440 2235 1597 2304 Numenii
1616 2230 1702 2332 apud
1727 2235 1889 2327 Erfibinm
1910 2233 1954 2309 de

234 2359 382 2438 praepar.
399 2339 545 2458 euangql.
562 2337 619 2412 lib.
635 2341 708 2410 XV.
722 2363 792 2436 cap.
806 2361 858 2424 ao.
875 2362 944 2408 uon
959 2363 1140 2436 corporum
1158 2334 1264 2410 modo
1276 2356 1447 2423 naturam,
1470 2331 1563 2433 quod
1583 2334 1710 2455 Platoqti
1729 2363 1860 2438 quoque
1882 2336 1956 2437 pla'·

235 2441 321 2526 cuit,
344 2434 397 2511 sed
419 2461 451 2513 et
471 2471 523 2521 ene
543 2443 604 2526 τῆς
624 2439 749 2536 ψυχῆς
771 2437 914 2510 lluminia
938 2437 1035 2510 inllar
1056 2435 1087 2512 se
1106 2441 1225 2512 habere
1246 2460 1279 2512 et
1294 2444 1328 2510 in
1341 2433 1631 2539 perpetua'versari
1645 2444 1836 2512 mutatione
1867 2437 2024 2513 Sed
2090 2537 2094 2540 ῃ
2220 2422 2222 2425 ¹

234 2537 313 2640 quid
335 2547 440 2613 aalma
460 2543 617 2615 Heracliti
640 2541 727 2643 apud
742 2539 909 2632 Aristotel.
932 2538 987 2612 lib.
1008 2546 1032 2612 l.
1052 2539 1093 2614 de
1115 2547 1225 2613 anima
1240 2533 1321 2640 cap.
1336 2533 1371 2614 as
1387 2545 1485 2614 etiam
1499 2538 1679 2638 significet,
1698 2568 1768 2630 nou
1784 2536 1973 2630 comedit.-

157 2665 167 2686 =
230 2637 306 2818 {pse
323 2643 472 2716 Olearius
487 2651 520 2716 in
536 2641 604 2716 diss.
621 2649 644 2716 l.
662 2673 696 2744 p.
710 2667 782 2736 457.
806 2643 957 2739 intelligit
980 2669 1138 2742 vaporem
1156 2641 1183 2740 s.
1199 2644 1441 2728 exhalationem
1461 2649 1564 2740 ignis,
1591 2639 1658 2714 fiae
1680 2641 1730 2731 id,
1755 2641 1846 2742 quod
1868 2650 1951 2717 eius·
2094 2679 2097 2688 ·

258 2771 312 2816 em
327 2773 404 2818 curn
421 2751 582 2849 principio
599 2747 644 2820 est
657 2769 808 2830 naturae;
835 2738 888 2816 sed
907 2749 941 2816 in
956 2741 1023 2816 diis.
1039 2747 1076 2824 n,
1096 2745 1128 2846 p.
1146 2771 1218 2836 477.
1239 2745 1379 2844 explicat
1400 2738 1606 2818 substantiam
1625 2767 1820 2846 pertenuem
1841 2746 1951 2822 valde·
2084 2726 2097 2809 .'

228 2862 299 2950 'que
314 2848 448 2948 agilem.
497 2855 587 2924 Hinc
601 2853 824 2952 interpretatio
837 2847 921 2920 illiue
936 2849 1130 2946 Heracliteit
1155 2843 1221 2940 e'e'nn
1236 2841 1344 2946 ψυχὴ
1358 2843 1554 2940 σοφωτάτη
1566 2842 1627 2942 arei
1645 2842 1764 2953 delen,
1777 2851 1862 2950 sicca
1882 2856 1951 2924 ani·

87 2949 91 2956 ’
234 2951 518 3049 nansiapientifflma
532 2968 562 3026 rt
576 2962 713 3048 optimo,
738 2949 828 3052 quod
842 2955 941 3024 Stoici
964 2972 996 3024 et
1009 2951 1170 3026 Platonici
1187 2954 1227 3026 ad
1242 2957 1305 3027 alia
1319 2952 1553 3040 traduxerunt,
1577 2974 1609 3027 et
1623 2951 1732 3039 aliter,
1757 2955 1796 3025 ae
1819 2980 1858 3026 ex
1879 2959 1952 3050 phi·

154 3113 157 3120 ,
232 3047 365 3156 losoplri
389 3055 518 3158 Ephesii
539 3055 676 3130 consilio
698 3073 894 3150 turritaque,
926 3053 1247 3145 adcommodatum,
1274 3048 1366 3128 'viror
1389 3053 1507 3151 δοδίοε1
1527 3054 1623 3128 valde
1640 3053 1742 3130 torlit.
1811 3060 1949 3158 Optima

231 3181 312 3242 vero
334 3153 398 3231 'ell‘e
417 3157 563 3248 videtur,
589 3185 689 3260 quam
711 3185 772 3259 pro
799 3148 881 3230 osuit
904 3179 999 3257 atque
1021 3166 1151 3252 ornauit
1173 3160 1231 3234 cel.
1247 3161 1359 3256 Heytr'e
1373 3164 1407 3230 in
1420 3155 1574 3258 lingulati
1591 3157 1797 3258 prolusione,
1820 3163 1950 3234 Gottin-

199 3293 204 3302 ·
227 3283 312 3364 gae,
335 3271 418 3352 1781.
441 3289 502 3337 rec.
522 3268 557 3334 in
579 3261 664 3334 illius
687 3186 845 3360 Opillus
866 3257 1076 3348 academicis,
1095 3262 1164 3334 vol.
1182 3265 1237 3333 lll.
1259 3289 1334 3362 pag.
1348 3283 1409 3349 104
1423 3256 1468 3361 sq.
1492 3259 1724 3360 Heraclitum
1746 3257 1948 3350 existimasse,

186 3365 189 3372 ’
230 3367 363 3462 igneam
378 3371 582 3453 materiam,
595 3393 662 3466 quo
676 3371 781 3464 inagis
800 3365 838 3436 ab
862 3363 1004 3461 humido
1027 3365 1083 3436 illa
1104 3365 1236 3438 liberata
1256 3363 1312 3450 lit,
1336 3382 1429 3435 tanto
1444 3361 1518 3464 plus
1533 3359 1707 3435 diuinitatis
1723 3365 1863 3452 habere,
1889 3361 1950 3440 sal·

107 3532 112 3539 .
233 3488 299 3560 tem
314 3475 478 3542 maiorem
492 3471 730 3557 mobilitatem,
752 3467 973 3558 celeritatem,
993 3473 1167 3566 puritatem
1185 3463 1359 3568 consequi,
1384 3485 1444 3538 etc.
1479 3461 1562 3540 adde
1577 3469 1620 3538 P.
1638 3465 1840 3565 Weffilingii
1855 3491 1952 3540 come

227 3591 334 3646 ruent.
355 3565 451 3674 super
472 3571 532 3646 illo
557 3571 645 3670 dic'lo
666 3568 855 3644 Heracliteo
879 3573 912 3640 in
930 3566 1071 3668 Miscell.
1087 3565 1176 3644 Obls.
1189 3569 1258 3644 vol.
1272 3575 1312 3645 V.
1330 3589 1413 3640 tom.
1432 3570 1486 3640 lll.
1509 3563 1682 3670 pqasq.
1734 3565 1948 3670 Scepticismi‘
1984 3627 1994 3644 .
2043 3609 2046 3618 ·

229 3671 415 3750 uniuersalis
431 3667 584 3776 quidem,
608 3673 834 3762 Heraclitum,
860 3669 950 3773 quod
973 3680 1134 3747 contraria
1156 3679 1211 3746 vni
1231 3696 1263 3746 et
1283 3671 1391 3759 eidem
1413 3667 1509 3744 merie
1529 3598 1760 3759 contendisset,
1786 3700 1863 3745 cum
1877 3675 1948 3747 aliia

229 3771 352 3849 incusat
370 3777 537 3852 InFraae.
553 3781 708 3852 Hnddrar
729 3784 764 3850 in
786 3777 949 3850 Analeclis
973 3777 1125 3850 hilloriae
1147 3771 1409 3876 philosophicae,
1439 3774 1544 3847 Halae
1558 3777 1630 3846 San.
1648 3781 1737 3865 1706.
1751 3789 1783 3860 8.
1798 3803 1870 3874 pag.
1886 3803 1946 3856 aar.

230 3897 264 3948 at
286 3881 552 3978 in'Compendio
566 3883 676 3978 hillor.
694 3876 880 3982 philosoph.
896 3907 965 3978 cap.
983 3883 1006 3951 l.
1021 3881 1053 3977 §.
1069 3906 1114 3954 aa.
1131 3906 1205 3980 pag.
1221 3906 1266 3970 19.
1289 3885 1331 3951 ita
1351 3878 1502 3977 paullum
1522 3883 1662 3950 mutauit
1674 3873 1886 3973 sententiam,
1912 3877 1951 3954 vt'

230 3975 314 4051 duce
334 3984 429 4053 Stxlo
446 3985 572 4075 Entpir.
598 3990 758 4078 Pytrlton.
779 3973 897 4084 hypot.
915 3989 939 4054 l.
963 4011 999 4054 ca
1026 4007 1101 4076 .29.
1123 4011 1197 4082 pag.
1213 4007 1260 4076 53.
1286 3983 1356 4076 (vbi
1377 3975 1467 4052 cons.
1480 4001 1574 4054 notae
1594 3982 1758 4071 Fabricii‚)
1783 4002 1947 4077 moueret¹

164 4099 182 4172 ᾗ
230 4075 403 4183 scepticam
425 4079 627 4183 disciplinam
652 4092 691 4173 ab
714 4089 871 4161 Heracliti
893 4011 1099 4186 philosophia
1121 4081 1263 4188 differre.
1290 4125 1340 4142 -·
1366 4087 1418 4156 De
1431 4083 1588 4156 Heracliti
1607 4081 1817 4186 physiologia
1833 4081 1919 4158 conf
1933 4131 1947 4147 ·
2072 4073 2077 4081 ’

230 4183 331 4258 reuda
352 4192 450 4260 etiam
472 4189 517 4260 eh
532 4191 571 4259 V.
592 4194 636 4266 D.
659 4189 810 4278 diatribe,
836 4187 950 4263 inserta
969 4186 1046 4264 adlit
1066 4188 1271 4263 eruditorum
1290 4192 1486 4286 germanicis
1505 4191 1604 4260 Lvn.
1620 4210 1651 4261 et
1665 4191 1778 4261 LVlll.
1802 4209 1884 4261 tom.
1903 4193 1945 4260 V.
1978 4178 1988 4202 “

230 4313 263 4390 p-
279 4301 335 4382 652
353 4285 417 4390 sqq.
434 4316 494 4382 710
508 4289 575 4392 sqq.
611 4331 662 4350 ·--
693 4299 788 4368 Num
808 4300 982 4367 atlreorum
1006 4320 1147 4366 numero
1167 4290 1358 4364 eximendus
1379 4287 1436 4366 sn.
1462 4297 1602 4364 necue?
1623 4285 1763 4389 disputat
1782 4293 1811 4360 I.
1828 4293 1946 4364 Fratre.

215 4393 385 4466 'Buddens
406 4395 617 4467 iuThelibur
637 4393 679 4470 de
704 4391 868 4471 atheismo'
884 4425 953 4495 cap.
970 4397 994 4468 l.
1022 4397 1053 4491 §
1070 4421 1123 4470 ao.
1146 4420 1220 4496 pag.
1235 4411 1279 4478 80
1297 4388 1363 4493 sqq.
1392 4389 1470 4464 add.
1489 4392 1637 4464 Brother.
1653 4391 1723 4466 hill.
1739 4398 1810 4464 crit.
1825 4393 1908 4492 phil.
1921 4393 1946 4465 l.

229 4495 305 4596 pag.
322 4521 386 4584 ηις
402 4496 471 4598 sqq.
498 4497 599 4571 Harl.
652 4495 702 4570 hd
727 4526 864 4590 omnem
887 4497 1044 4570 Heracliti
1063 4491 1310 4597 philosophiam
1333 4499 1473 4596 pertinet
1497 4497 1546 4567 lo.
1564 4497 1689 4569 ararit.
1707 4495 1840 4566 Gestari
1855 4491 1946 4598 Disp.
2056 4557 2062 4563 .
2161 4585 2165 4593 .

99 4666 105 4674 .
231 4595 273 4673 de
288 4600 456 4684 animabus
471 4599 627 4674 Heracliti
644 4621 676 4674 et
689 4604 900 4703 Hippocratis
915 4606 949 4672 iu
961 4607 1190 4674 Commentar.
1207 4603 1280 4672 Soc.
1294 4603 1387 4671 Gott.
1405 4601 1451 4669 T.
1469 4600 1494 4670 l.
1510 4623 1545 4695 p.
1557 4609 1604 4687 67
1617 4594 1670 4705 sq.¹
1693 4595 1797 4689 Beth]
2090 4646 2096 4656 ⁴

329 4723 382 4792 De
401 4714 453 4792 sex
473 4703 751 4821 Epistolissquae
772 4715 828 4794 sub
851 4704 1009 4793 Heracliti
1028 4724 1166 4792 nomine
1184 4715 1284 4793 hodie
1301 4717 1442 4807 exstant,
1468 4737 1499 4790 et
1512 4723 1546 4789 in
1562 4717 1696 4788 Statana·
1713 4717 1856 4790 Historia
1873 4722 1946 4792 Phi.
2051 4701 2061 4715 ‘

115 4867 123 4875 ·
228 4818 397 4923 losophica
424 4823 552 4918 anglice
576 4825 744 4897 translatae
773 4844 966 4917 occurrunt,
992 4821 1064 4895 dixi
1088 4818 1182 4923 supra
1205 4848 1276 4924 cap.
1294 4825 1334 4894 X.
1359 4821 1391 4917 δ.
1411 4846 1460 4915 ι9.’
1529 4817 1626 4919 Apud
1654 4823 1817 4893 laertium
1848 4809 1902 4895 lib.
1918 4825 1979 4921 l.)
2027 4913 2031 4919 .

115 4939 118 4944 ’
163 5011 164 5016 ¹
228 4909 304 5002 scel.
321 4917 852 5028 88··o‘duooiptaea‘Heoiaherrer
870 4925 996 4999 uonell
1013 4924 1217 5000 reddendum
1235 4923 1587 5022 infiraairHeraclirar,
1615 4917 1667 4996 sed
1689 4923 1852 5020 morosas,
1878 4923 1946 5000 siue
1986 5008 1990 5015 ,

148 5065 151 5072 ’
227 5037 266 5131 is,
283 5036 334 5106 rai
347 5035 404 5104 vix
419 5029 735 5130 qaisquamplacrbat
751 5015 950 5104 Hei-ainus.
1001 5033 1054 5102 Sic
1067 5027 1152 5122 apud
1169 5027 1360 5104 Diodorum
1375 5031 1438 5103 Sic.
1450 5025 1508 5102 lib.
1521 5029 1608 5107 XIX.
1623 5036 1707 5103 toria.
1726 5031 1769 5102 ll.
1778 5042 1945 5131 pagqao.
2002 5070 2007 5076 ·
2122 5046 2162 5073 '¹

864 5149 866 5156 ⁴
963 5154 968 5160 “
1060 5133 1191 5206 Kkkk‘
1212 5155 1244 5224 a
1447 5204 1451 5213 ,
1856 5140 1860 5147 ’
1896 5124 1947 5214 Ti
