4700 5809
656 350 811 388 ·t

782 412 794 425 “
898 426 947 514 tn
978 426 1254 502 sornocuna
1414 375 1638 511 aaran
1651 424 1779 499 narr.
1881 447 1961 518 229.

214 602 362 708 ,disputat
377 610 510 703 Lrffiag.
527 614 560 679 in
571 610 743 692 Laocoon,
769 638 802 710 p.
819 634 857 699 33
872 606 940 711 sqq.
968 610 1055 685 idem
1072 619 1105 687 in
1120 568 1354 715 Dramiturgia
1367 616 1444 689 hine
1460 614 1537 691 inde
1550 614 1598 704 ‚de
1613 611 1809 714 Sophocleis
1822 608 1944 684 iudicat
2073 607 2081 614 ’

222 710 407 811 tragoediis.
457 713 509 784 De
525 710 655 791 Eraaldi
669 712 953 787 animaduersione
965 737 996 788 et
1013 715 1134 789 iudicio
1157 716 1199 789 de
1218 716 1419 819 Lessingiana
1440 718 1482 793 de
1502 718 1671 821 Sophocle
1694 714 1850 792 sententia
1875 711 1940 787 vid.
2023 756 2033 779 ·.

150 868 154 873 .
194 928 195 933 γ
220 818 354 891 Nouam
370 816 521 889 Biblioth.
534 811 684 916 Lipsiens.
706 824 825 890 artium
844 817 1105 949 elegmiqrum,
1130 820 1199 895 vol.
1212 824 1330 897 XXXI.
1353 851 1453 925 pagg.
1468 848 1544 913 204.
1560 844 1620 897 aaa
1634 816 1680 924 sq.
1843 821 1850 836 '

321 988 442 1083 Qum,
451 976 616 1082 superiora
631 987 700 1053 iam
718 977 935 1081 scripfiss'em,
951 991 1202 1092 maximamque
1221 981 1350 1089 partem
1373 984 1528 1064 mistss'em
1548 985 1591 1063 ad
1610 988 1881 1089 typographum,
1904 987 1940 1057 in
2043 1018 2057 1029 ·

220 1114 337 1181 manus
351 1114 442 1161 meas
458 1093 546 1159 venit
561 1085 688 1159 libellus
701 1086 808 1187 *ruodo
826 1087 1012 1185 euulgatus:
1042 1092 1206 1161 Gorraota
1225 1093 1383 1185 Ephraim
1408 1094 1547 1188 Loffiagr
1560 1094 1664 1164 Labra
1685 1094 1741 1163 dtr
1761 1090 1939 1183 sapharta,

218 1191 286 1281 (vel
311 1196 420 1291 potius
450 1184 636 1289 fragmenta
665 1194 797 1261 maioris
820 1196 933 1289 operis
965 1198 1054 1283 1760.
1083 1200 1149 1267 iam
1180 1196 1328 1295 incepti)
1360 1198 1629 1293 Haraorgrgrbra
1647 1204 1710 1266 nori
1728 1198 1779 1266 Io.
1797 1191 1938 1264 Ioaastim

192 1292 436 1390 ·Escirrnbarg.
461 1294 623 1389 Berolini,
650 1318 743 1387 ¹790·
766 1309 798 1377 8.
848 1292 1025 1395 Copiosror
1038 1298 1076 1369 ab
1092 1302 1186 1371 initio
1201 1299 1245 1370 ell
1259 1296 1396 1397 lrffing.
1418 1296 1461 1373 de
1477 1326 1568 1374 anno
1583 1297 1700 1381 natali,
1724 1317 1858 1397 parente
1880 1320 1937 1393 pa·
2015 1368 2024 1377 ,

190 1386 197 1403 ’
220 1404 344 1497 triaque
360 1397 551 1497 Sophoclis,
578 1395 618 1471 do
632 1400 792 1490 Lampro,
817 1402 873 1497 qui
903 1400 1055 1498 magister
1078 1398 1195 1497 dicitur
1218 1396 1313 1474 fuisse
1326 1400 1525 1504 Sophoclis,¹
1542 1430 1575 1503 p.
1588 1426 1626 1490 37
1643 1396 1713 1501 sqq.
1737 1398 1859 1471 multus
1880 1394 1937 1484 esi,

219 1510 251 1575 e't
266 1497 385 1575 refutat
401 1502 584 1574 Fabricium
598 1499 770 1589 nossmm,
792 1506 848 1599 qui
862 1494 978 1601 supra,
1004 1508 1038 1577 in
1054 1524 1132 1577 nota
1157 1502 1198 1577 ad
1214 1505 1244 1601 ᾗ
1260 1526 1286 1579 1.
1299 1508 1335 1580 h.
1350 1511 1462 1607 c'apitis
1478 1500 1660 1607 scripserat,
1685 1502 1841 1576 eumdem
1861 1492 1942 1571 laih
1991 1542 1995 1548 »

219 1598 252 1677 se
266 1606 406 1677 Socratis
423 1604 616 1703 magistrum
632 1608 665 1676 in
681 1627 748 1677 arte
762 1599 896 1676 saltandi
914 1624 946 1678 et
960 1605 1119 1683 cantandi.
1170 1607 1263 1679 Idem
1285 1636 1317 1709 p.
1332 1636 1376 1702 5¹·
1395 1630 1426 1681 et
1439 1635 1481 1702 97
1494 1605 1563 1711 sqq.
1582 1599 1938 1697 'Fabriciilsententiam

217 1713 310 1779 anius
324 1713 447 1807 antiqui
462 1704 748 1808 biographijeffato
762 1702 900 1791 sultam,
926 1710 965 1779 ab
978 1706 1141 1803 Aeschylo
1154 1709 1292 1799 dodum
1306 1707 1400 1787 fuisse
1416 1712 1618 1814 Sophoclem
1639 1730 1744 1783 artem
1765 1714 1937 1806 tragicam,
1985 1776 1988 1783 ,
2028 1721 2032 1729 “

217 1808 350 1912 copiose
370 1832 530 1913 acuteque
554 1818 665 1883 reiicit.
700 1852 746 1867 -
777 1838 852 1908 pag.
870 1834 904 1903 53
920 1808 987 1911 sqq.
1010 1820 1043 1883 in
1064 1813 1142 1887 loco
1163 1814 1310 1914 quodam
1337 1820 1528 1903 Plutarchi,
1548 1814 1626 1897 arsia
1646 1808 1757 1893 ἅντνς
1778 1808 1935 1890 debaro

217 1917 328 1997 ἑοιοτὲ
346 1908 624 2017 προσκόπτοντος
643 1913 697 1993 ἐπ’
720 1910 829 2015 oigny}
856 1922 958 2005 (non,
982 1922 1026 1987 vti
1049 1919 1212 1989 Fabricius
1235 1915 1330 2019 supra
1350 1924 1381 2017 ᾧ.
1395 1945 1420 1994 t.
1440 1914 1526 1993 salso
1548 1925 1678 1997 citarat,
1703 1912 1746 1989 de
1758 1912 1888 1989 defeslu
1899 1918 1934 1989 in

217 2014 350 2111 virtute)
364 2019 520 2093 iudicium
537 2018 710 2119 Sophoclis
725 2016 765 2089 de
788 2016 979 2117 quibusdam
1002 2014 1152 2112 Aeschyli
1167 2027 1249 2095 vitiis
1271 2018 1450 2095 secundum
1474 2024 1642 2121 vulgatam
1662 2019 1841 2110 ledionem
1864 2018 1935 2106 Ett-

217 2122 318 2214 ripidi
333 2116 579 2194 adscribendum
597 2114 721 2206 censet,
745 2142 777 2191 et
789 2122 899 2219 culpat
917 2120 1074 2213 Xylandri
1098 2118 1316 2223 suspicionem
1339 2148 1435 2225 atque
1459 2129 1771 2224 interpretationem.
1823 2126 1935 2221 Qare

214 2224 328 2298 locum
345 2231 386 2296 ita
404 2228 539 2323 corrigit
559 2248 654 2323 atque
675 2224 831 2323 explicat:
857 2216 971 2329 dianae
995 2222 1068 2329 qviq
1090 2224 1108 2303 i
1128 2220 1316 2332 Edgrrp'dqe,
1342 2230 1426 2329 (pro
1447 2228 1585 2328 vulgato
1605 2226 1805 2324 Σοφοκλῆς)
1829 2232 1934 2321 ἔλεγε

116 2414 120 2422 ,
215 2322 272 2406 riv
285 2320 446 2425 Αἰσχύλε
459 2317 706 2425 scramsaxos
723 2322 837 2421 ἔγνον,
862 2318 942 2405 εἶτα
955 2320 997 2407 ri
1019 2326 1152 2427 aragia.
1178 2336 1292 2415 (nimir
1314 2358 1465 2408 arnarurn
1486 2336 1522 2405 h.
1543 2359 1571 2404 e.
1592 2336 1781 2431 ingratum3
1809 2327 1934 2421 Xylan·

213 2429 270 2503 der
284 2430 459 2503 emendare
471 2432 575 2505 voluit
588 2422 709 2510 arandi
724 2436 815 2503 ainris
827 2432 980 2525 densant.)
1006 2426 1066 2526 arari
1079 2424 1307 2536 κκτνὶτεχννν
1322 2438 1384 2526 riis
1402 2428 1498 2515 aa'rir'
1519 2432 1758 2522 κατασκευῆς,
1783 2432 1881 2531 (quae
1900 2448 1933 2525 ct

212 2532 378 2633 superiora
390 2537 486 2607 verba
499 2534 666 2629 Xylander
681 2555 803 2607 vertere
818 2534 923 2621 iubet,
948 2537 1058 2607 driade
1070 2542 1136 2607 rias
1148 2542 1183 2607 ita
1196 2542 1360 2633 adparatu
1372 2566 1406 2612 n.
1423 2541 1589 2611 alterorico
1605 2534 1871 2633 tondmsatiatrrr'rt
1885 2544 1934 2603 at·

123 2646 128 2659 ’
213 2662 274 2735 qur
288 2636 418 2731 artificii
430 2638 641 2732 iadrrstriam3
665 2634 894 2739 [albagnoro
913 2632 1084 2737 intelligit,
1110 2640 1266 2713 ornatum
1287 2644 1425 2729 tliertri,
1449 2645 1700 2714 exornationem
1721 2642 1858 2719 theatri,
1880 2660 1934 2708 ue·

211 2740 331 2828 ilium,
354 2740 544 2834 laruarum,
571 2744 818 2826 machinarum,
841 2746 878 2819 in
901 2765 964 2841 qua
985 2738 1128 2841 peccasse
1143 2743 1269 2818 conliat
1281 2740 1501 2839 Aeschylum:
1526 2771 1627 2847 quarn
1641 2740 1793 2843 quidem,
1818 2760 1931 2811 tamen

168 2884 180 2911 s
211 2841 424 2927 verecundius
437 2866 470 2918 et
485 2850 620 2931 cautius,
645 2844 827 2943 Sophocles
842 2845 990 2939 amabat,
1012 2845 1183 2947 Euripides
1198 2875 1277 2922 vero
1297 2844 1421 2949 saepius
1434 2876 1476 2921 ne
1499 2846 1637 2947 ligabat,
1663 2843 1830 2950 Aristoph.
1846 2847 1931 2915 Rau.
2044 2887 2046 2891 -

211 2972 294 3040 toga
310 2940 394 3049 sqq.)
416 2974 499 3047 quae
520 2952 633 3024 omnia
648 2942 749 3019 fastus
772 2944 1002 3048 ingenioseque
1021 2950 1159 3050 explicat
1181 2946 1379 3052 Leffingius,
1403 2874 1593 3050 cenlstque,
1618 2950 1831 3023 Plutarchum
1850 2942 1932 3019 illud

211 3046 374 3147 Euripidis
387 3048 553 3141 'iudicium
575 3046 718 3123 sumsisse
733 3072 888 3123 mutuum
911 3078 951 3123 ex
963 3052 1131 3147 Aristoplr.
1147 3058 1231 3130 Ran.
1248 3080 1315 3151 970
1327 3051 1397 3157 sqq.
1420 3075 1493 3127 tum
1507 3060 1643 3159 inquirit
1655 3078 1733 3154 pag.
1748 3059 1791 3134 68
1810 3044 1877 3149 sqq.
1897 3053 1932 3121 in
1974 3082 1979 3088 ·
2118 3065 2122 3072 ⁴

171 3215 174 3226 .
211 3172 354 3254 tempus,
376 3152 508 3253 quando
526 3153 709 3252 Sophocles
727 3160 872 3255 primam
887 3150 1035 3227 docuerit
1052 3152 1221 3246 fabulam,
1245 3159 1432 3258 diligentius
1458 3155 1623 3232 e'xaminat
1643 3158 1804 3231 Plutarchi
1823 3154 1864 3231 de
1888 3172 1930 3225 eo

209 3254 325 3329 locum
339 3263 373 3328 in
389 3262 532 3329 Cimone
546 3255 719 3357 Kindiique
737 3253 919 3330 versionem
935 3278 966 3329 et
981 3259 1139 3331 Samuelis
1158 3266 1249 3334 Periti
1260 3254 1402 3335 Miscell.
1419 3264 1476 3345 lll.
1490 3274 1539 3345 18.
1555 3257 1803 3361 expositionem,
1827 3282 1928 3356 quam

209 3364 353 3432 ieiunam
370 3356 514 3433 indicant
530 3360 627 3459 plane
642 3366 761 3457 reiicit,
783 3386 973 3462 nomenque
990 3364 1177 3447 Archontis,
1199 3358 1428 3464 Apheplionis,
1449 3370 1577 3451 retinet,
1603 3362 1755 3436 Palmarii
1769 3358 1929 3433 iudicium
1966 3360 1993 3453 J
2035 3458 2046 3475 .
2076 3460 2087 3466 η
2131 3339 2136 3350 .

209 3466 365 3553 (Exercir.
385 3490 461 3563 pag.
477 3464 564 3554 452.)
580 3458 726 3538 sectatus.
781 3468 857 3561 Pag.
872 3488 924 3551 103
939 3458 987 3564 sq.
1014 3460 1134 3536 disserit
1154 3462 1195 3537 de
1215 3466 1382 3565 tragoedia
1397 3462 1582 3566 deperdita,
1608 3467 1813 3565 Thamyris,
1838 3467 1929 3534 cuius

208 3562 435 3665 fragmentum
451 3560 601 3665 reperisse
617 3592 749 3666 quoque
768 3565 824 3638 fibi
839 3565 965 3639 videtur
986 3565 1073 3667 apud
1087 3571 1304 3642 Plutarchum
1324 3574 1359 3643 in
1378 3570 1433 3643 lib.
1455 3596 1525 3642 non
1545 3564 1683 3641 suauiter
1701 3570 1811 3638 viuere
1830 3565 1928 3650 licere

207 3664 387 3743 secundum
403 3675 594 3771 Epicurum,
620 3698 654 3769 p.
673 3694 759 3763 1093.
774 3668 815 3743 de
828 3676 895 3742 dus
911 3676 945 3741 in
958 3672 1086 3744 Poecile
1100 3678 1256 3773 imagine,
1280 3702 1351 3747 non
1365 3702 1384 3745 a
1396 3674 1602 3771 Polygnoto,
1619 3666 1682 3743 ‘sed
1697 3668 1894 3770 probabilius
1909 3695 1927 3739 a

206 3776 345 3846 Micone
360 3778 464 3873 pisia,
491 3770 531 3845 de
547 3770 694 3852 dramate
710 3770 869 3867 satyrico,
891 3769 1102 3862 Naucratim,
1124 3781 1172 3876 (p.
1186 3803 1234 3867 115
1247 3771 1313 3878 sq.)
1332 3775 1373 3851 de
1392 3776 1644 3880 κςντκγωννςῆ,
1669 3799 1781 3874 quem,
1826 3776 1880 3844 1¹3²
1892 3776 1928 3840 5¹¹

144 3877 360 3948 -.omnibus
389 3874 536 3949 adhibuit
560 3876 757 3977 Sophocles,
788 3874 864 3949 ideo
884 3874 1041 3951 inuenill'e
1067 3878 1202 3975 dicitur,
1234 3908 1435 3982 quanquam
1460 3879 1540 3966 illo,
1570 3874 1625 3950 sed
1652 3883 1754 3951 rarius
1782 3799 1852 3947 rsus
1881 3872 1930 3947 est

208 3975 393 4072 Aeschylo,
419 3977 472 4080 (p.
488 4004 543 4071 ¹19
558 3975 640 4079 sqq.)
656 3978 697 4052 de
711 3986 779 4051 eius
794 3985 933 4079 imperio
946 3982 1080 4055 militari
1094 4003 1153 4055 etc.
1169 3970 1261 4083 ipag.
1281 3990 1354 4078 131.)
1376 3983 1417 4056 de
1437 3984 1536 4057 tribus
1556 3990 1622 4057 eius
1644 3976 1816 4080 deperditis
1834 3973 1927 4075 sabu-

206 4082 264 4171 lis,
290 4104 341 4157 tot
354 4086 443 4159 enim
461 4082 697 4156 tantummodo
714 4078 902 4155 fabularum
916 4084 1139 4157 recenfionem
1153 4088 1346 4187 reliquerat,
1368 4081 1601 4189 nf'nsapae,
1626 4078 1822 4185 Ἐρεχθεῦς,
1843 4084 1927 4161 ovi·

206 4216 283 4278 ςης,
309 4184 429 4261 deeius
447 4206 572 4274 morte,
598 4189 645 4287 (p.
663 4192 722 4275 146
736 4182 819 4287 sqq.)
835 4184 876 4258 de
890 4188 1056 4287 Sophocle
1068 4194 1196 4264 iuniore
1218 4190 1357 4290 filiisque
1377 4187 1511 4263 senioris
1526 4194 1629 4291 Soph.
1651 4190 1748 4286 (pag.
1764 4210 1819 4277 150
1839 4178 1926 4285 sqq.)

205 4281 360 4390 Denique
371 4284 517 4363 defendit
531 4314 607 4385 eum
622 4319 641 4362 a
655 4295 792 4361 crimine
806 4286 883 4363 furti
894 4346 905 4375 ,
931 4297 1019 4362 cuius
1045 4318 1120 4363 eum
1141 4295 1370 4367 aPhilollrato
1391 4291 1478 4393 apud
1500 4293 1710 4367 Clerrsentem
1732 4288 1822 4360 Alex.
1836 4293 1926 4359 incu-

204 4389 310 4466 satum
324 4388 436 4480 suisse,
460 4398 527 4467 iam
541 4389 635 4493 supra
650 4390 846 4467 adnotatum
863 4392 908 4466 esi
921 4413 980 4467 etc.
1031 4397 1124 4467 Haec
1143 4392 1218 4470 ideo
1241 4393 1397 4495 spicilegii
1418 4396 1517 4469 inllar
1535 4422 1576 4470 ex
1590 4393 1703 4467 libello
1718 4388 1924 4488 heffingiano

205 4495 435 4595 excerpsimus,
460 4494 550 4595 quod
565 4494 721 4569 iudicium
738 4494 901 4595 Lessingii‚
927 4524 1004 4569 cum
1021 4502 1121 4569 critici
1135 4494 1337 4596 sagacissimi,
1352 4519 1423 4574 torn
1441 4518 1557 4598 poetae
1569 4502 1682 4595 tragici
1698 4494 1807 4567 nollra
1820 4512 1923 4566 aetate

204 4604 360 4697 ingenio,
391 4592 544 4693 felicisatp
565 4604 661 4699 vique
681 4605 809 4701 poetica
830 4600 912 4671 nulli
932 4626 1036 4699 paene
1055 4598 1213 4687 cedentis,
1244 4600 1284 4675 de
1306 4606 1453 4704 principe
1476 4625 1673 4699 graecorum
1693 4594 1922 4692 Trigicorum
1959 4640 1963 4645 -
2004 4689 2006 4696 Ι

176 4705 189 4735 “·
203 4700 293 4797 haud
303 4698 376 4775 leue
390 4696 677 4803 spemendumque
691 4700 943 4789 elsevidebirur3
959 4704 1065 4801 'atque
1077 4722 1110 4775 vt
1124 4711 1236 4790 exteri,
1251 4705 1381 4805 linguae
1394 4698 1601 4803 germanicae
1615 4705 1732 4801 ignari,
1747 4723 1815 4771 tam
1830 4692 1923 4771 subti-

203 4806 244 4881 lis
262 4809 419 4905 peritique
434 4811 534 4879 critici
549 4800 739 4877 sententiam
752 4811 890 4905 penitius
906 4801 1152 4907 cognoscerent.
1194 4808 1388 4886 Dolendun'r
1400 4808 1458 4895 eil,
1471 4802 1669 4906 Lelsrngium
1684 4800 1920 4878 tautummodo
2063 4885 2069 4889 ,

203 4906 353 4989 laborem
365 4906 454 4983 haud
469 4904 655 4985 absolutum
666 4909 915 5013 expolitumque
929 4904 1101 5012 reliquisse.
1128 4911 1230 4985 Harl.
1667 4912 1673 4915 ’
1890 4940 1895 4945 ’

1052 5070 1200 5170 Fs3v
1272 5166 1275 5169 Ι
1425 5099 1431 5107 ·
1532 5032 1549 5104 '¹
1660 5070 1923 5175 VLCatalogar
2061 5182 2067 5189 .
2154 5049 2172 5113 ”-
