4700 5809
54 437 67 452 “
215 461 492 570 QQ
532 413 991 542 {cunctiscunctis
1015 439 1349 548 interorum
1375 470 1517 544 cnon.
1551 461 1848 541 narrem
1883 429 1961 559 ars'
2022 537 2031 550 .

217 633 283 726 chit
298 649 447 761 viros‘s)
464 647 625 740 eruditos,
646 657 841 755 ambiguum
856 652 918 729 esse
933 655 1106 746 ducentes,
1132 675 1243 730 vttutn
1265 657 1398 742 Suidas,
1423 664 1459 732 in
1481 683 1549 760 quo
1572 652 1688 728 iisdem
1708 653 1814 727 multa
1833 652 1940 728 tertis

216 777 313 856 atque
328 763 362 828 in
376 750 506 847 scholiis
521 749 561 830 ad
575 763 756 832 Comicum
773 758 946 858 leguntur,
971 757 1170 863 exscripserit
1193 759 1655 862 Aristophanis‘Scholiaslen,
1679 743 1722 831 ah
1739 761 1796 832 hic
1811 753 1939 834 'Suidae

200 855 313 946 ‚suerit
334 859 547 960 compilator.
620 848 790 937 Nimirum
813 863 951 938 dubitari
972 871 1104 966 nequit,
1135 862 1290 944 saidam,
1322 882 1435 965 utpote
1454 865 1760 965 longeliuniorem,
1791 863 1982 960 grauiter
2111 922 2125 940 .

109 993 112 1000 ·
213 959 305 1036 usum
319 959 908 1067 suisserGrntnmaticorumveterum,
925 970 970 1046 vti
982 973 1017 1040 in
1034 968 1115 1041 alios
1124 977 1253 1068 poetas,
1278 973 1321 1040 ita
1335 975 1370 1042 in
1389 967 1638 1070 Aristophanem
1656 971 1828 1068 praecipue
1840 964 1935 1036 comss

213 1069 485 1151 mutationibus,
512 1067 565 1142 vel
580 1090 666 1142 certe
685 1076 1009 1172 commentationum
1026 1070 1158 1144 illatum
1183 1069 1419 1172 antiquioribus
1443 1076 1623 1174 excerptis,
1649 1061 1749 1143 etiam
1769 1065 1935 1142 nonnulla

203 1175 409 1270 integriora,
442 1181 546 1273 quam'
565 1171 666 1246 hodie
688 1173 825 1261 exstant,
859 1169 1022 1254 habuisse:
1047 1173 1127 1271 [vid.
1144 1169 1242 1273 supra
1262 1172 1304 1248 ad
1325 1178 1433 1250 Nubes
1454 1176 1679 1275 Aristophanis
1695 1171 1877 1264 adnotata]
1900 1189 1936 1244 at

213 1272 347 1348 viciffiin
362 1271 539 1360 Musurus,
564 1280 618 1375 qui
638 1275 696 1350 illa
716 1277 849 1350 Scholia
869 1279 909 1351 ab
931 1279 1017 1366 aliis,
1043 1299 1079 1352 vt
1097 1276 1175 1366 dixi,
1198 1299 1366 1380 excerpta,
1390 1256 1516 1378 dsgessrt
1534 1306 1574 1350 ac
1588 1273 1771 1377 descripsit,
1796 1277 1933 1347 Suidam
1995 1329 2002 1342 .
2136 1247 2149 1296 ¹.

213 1375 384 1452 hincinde
398 1385 507 1492 potuit
523 1382 641 1470 habere
658 1400 733 1454 ante
747 1381 879 1467 oculos,
906 1400 937 1454 et
949 1395 1045 1455 ex'eo
1060 1381 1226 1455 interdurn
1240 1384 1295 1456 illa
1315 1379 1467 1484 supplere
1487 1378 1584 1486 atque
1599 1377 1794 1466 emendare,
1819 1381 1934 1474 [etiam

209 1483 442 1584 interpolare]
491 1481 543 1556 Ad
560 1479 654 1584 Vesp.
670 1507 738 1577 54²·
762 1481 881 1610 dicitur
897 1491 1013 1566 iratis
1026 1479 1245 1612 saepetestentur
1265 1480 1339 1568 ἔτω
1352 1491 1581 1609 adsectatus(
1661 1597 1665 1605 ⁵

97 1719 99 1722 ,
234 1618 257 1713 ’,
312 1635 454 1708 Secunda
479 1637 613 1710 Scholia
634 1633 709 1716 sunt
728 1643 762 1712 in
781 1635 912 1712 easdem
933 1664 1060 1713 nouem
1073 1629 1274 1718 Comoedias
1294 1643 1372 1714 hine
1391 1637 1467 1714 inde
1484 1639 1525 1714 ad
1541 1635 1671 1716 Mnsuri
1683 1636 1863 1712 editionem
1879 1631 1934 1706 ad·
2047 1629 2056 1644 ’

212 1741 293 1812 iedla
314 1767 333 1812 a
357 1760 506 1814 curatore
525 1731 733 1816 Florentitiae
755 1729 906 1816 editionis
921 1743 1079 1840 Arsacio,
1105 1739 1361 1845 Archiepiscopo
1379 1743 1645 1828 Monembastae,
1670 1769 1732 1815 nec
1752 1738 1876 1814 adiecta
1893 1763 1935 1810 ex

208 1837 379 1916 'codicibus
393 1846 492 1918 MSS.
508 1870 637 1936 verum,
658 1864 692 1919 vt
716 1847 876 1918 Richards
892 1847 1037 1918 Betrtltr'o
1050 1853 1084 1919 in
1099 1847 1265 1948 Apologia
1279 1844 1503 1933 dissertationis
1527 1847 1569 1920 de
1585 1846 1738 1946 Epistolis
1756 1839 1934 1916 Phalaridis
1979 1853 1991 1863 “
2107 1886 2110 1900 ·
2138 1797 2142 1807 Ι

212 1975 247 2052 ps
266 1971 315 2018 aa.
335 1935 542 2042 obseruatum
562 1949 625 2036 esi,
652 1947 837 2034 eGaleno,
862 1953 1050 2037 Athenaeo,
1075 1950 1192 2038 Suida,
1220 1949 1388 2025 Eustathio
1410 1972 1443 2024 et
1467 1952 1537 2024 aliis
1560 1952 1699 2052 vulgatis
1724 1938 1934 2047 scriptoribus

213 2049 375 2150 decerpta.
444 2050 668 2126 Florentinum
692 2072 861 2152 tamquam
883 2057 1085 2136 audliorem,
1119 2083 1190 2128 non
1208 2051 1363 2128 Aldinam
1383 2051 1594 2141 firrceriorem
1624 2051 1803 2127 editionem
1831 2046 1933 2121 secuti
1992 2075 2014 2124 '2

212 2149 385 2254 sunt,qui
399 2155 508 2255 polica
523 2155 774 2255 Aristophanem
790 2183 868 2230 curn
886 2152 1014 2229 scholiis
1031 2155 1160 2234 edidere
1184 2147 1376 2232 basileenses
1399 2184 1437 2230 ac
1453 2153 1669 2241 Geneuenses,
1696 2153 1863 2250 [Kiislerus
1884 2169 1933 2222 ta-
2070 2227 2074 2233 ,
2170 2257 2177 2274 Ι
2201 2201 2208 2229 r

211 2283 290 2330 men
306 2259 387 2332 bene
401 2263 510 2357 coepit
527 2257 655 2344 Aldina,
679 2257 776 2357 signis
790 2257 917 2347 additis,
941 2231 1137 2360 dissinguere
1159 2289 1177 2334 a
1199 2257 1429 2356 Masuriana]
1487 2263 1596 2336 Etiam
1623 2252 1933 2352 ThomarMagistrt'

210 2363 309 2434 MSta
325 2361 367 2470 sd
381 2365 551 2462 Νεφέλας
564 2362 694 2456 Scholia
711 2363 893 2436 eBiblioth.
909 2367 1026 2436 Renati
1042 2365 1182 2439 Motelli
1197 2371 1273 2437 citat
1284 2367 1335 2439 Io'.
1348 2368 1502 2438 Prt'ctttttt
1514 2363 1555 2438 ad
1570 2365 1700 2467 Apuleii
1717 2360 1931 2462 Apologiam.
2094 2364 2122 2396 ³·
2214 2325 2220 2330 ⁷
2293 2377 2300 2395 Ι

318 2513 433 2589 Tettio
448 2514 581 2589 Scholia
597 2503 754 2590 debentur
772 2515 928 2590 Odonrdo
947 2519 1070 2614 Bisrro,
1096 2506 1303 2610 Triennio,
1328 2543 1410 2616 quae
1423 2518 1479 2611 [ex
1491 2517 1590 2591 Suida
1603 2539 1634 2591 et
1648 2515 1817 2590 Eustatbio
1830 2503 1931 2613 potis·
1982 2477 1985 2482 .

147 2689 156 2708 ,
210 2616 332 2729 Arnum
346 2614 582 2712 consarcinata]
597 2639 776 2707 occurrant
791 2625 825 2691 in
841 2615 983 2694 editione
998 2617 1200 2706 Geneuensi,
1226 2623 1339 2720 [atque
1357 2621 1571 2715 Kiisleriaoa]
1581 2601 1624 2694 ¹et
1644 2612 1808 2692 uniuersas
1830 2610 1930 2687 vnde·

212 2730 277 2796 cim
294 2721 482 2796 comoedias
494 2723 664 2795 illustrant.
716 2725 769 2796 De
787 2726 854 2796 hoc
867 2719 983 2798 bisseto
1002 2730 1036 2797 in
1060 2718 1218 2796 Francisci
1238 2727 1362 2796 Pithoei
1378 2729 1581 2810 Pithoeanis,
1606 2717 1801 2799 aTeiiserio
1823 2715 1949 2802 editis,'

209 2828 299 2926 legas
313 2829 394 2900 haec
412 2825 528 2899 verba:
544 2812 672 2913 fliius,
698 2831 755 2923 qui
768 2851 787 2896 n
794 2827 868 2919 fnit
872 2829 939 2924 sur
955 2825 978 2898 s
984 2827 1218 2922 Aristophane,
1243 2824 1335 2920 ‘assuit
1354 2829 1549 2902 controisrrtr
1569 2829 1624 2900 der
1639 2817 1773 2924 gratim
1792 2836 1824 2893 et
1841 2823 1930 2914 Stig-

209 2955 289 3027 neur
302 2933 341 3002 dt
355 2929 505 3029 Chnrlay.
554 2930 589 3000 Is
602 2929 775 3002 dtmrttroit
787 2955 825 3002 tn
839 2931 1018 3018 certavisse,
1042 2945 1072 3005 tt
1079 2934 1120 3030 st
1134 2919 1235 3006 nitra
1243 2953 1333 3026 pour
1347 2932 1378 3002 sa
1391 2931 1542 3030 religion.
1591 2931 1628 3004 tt
1647 2957 1668 3004 a
1687 2940 1761 3002 tour
1774 2930 1852 3022 pris
1873 2917 1955 2994 des'

210 3036 432 3109 dittiomires
449 3057 556 3130 grets.
606 3035 643 3105 Is
662 3032 751 3126 estoit
771 3032 874 3126 tustra
888 3033 998 3135 cousin.

311 3187 440 3282 Quarto
461 3179 601 3287 denique
621 3185 753 3258 Scholia
774 3189 892 3284 graeca
913 3185 1011 3278 [leuia
1033 3215 1095 3262 nec
1117 3180 1198 3279 raro'
1212 3174 1335 3282 ieiuna]
1350 3192 1384 3258 in
1398 3182 1483 3260 solas
1496 3182 1678 3282 conscripta
1688 3169 1930 3279 Thesmopho*-

212 3285 348 3366 riazusas
371 3287 445 3365 sunt
464 3289 504 3364 ab
525 3290 667 3386 Aegidio
692 3289 858 3377 Burdino,
891 3287 1064 3364 Aduocato
1094 3311 1126 3363 ct
1155 3293 1371 3361 Procuratore
1389 3290 1542 3363 Generali
1565 3288 1761 3362 Parlamenti
1787 3283 1846 3380 [P]
1873 3281 1930 3350 Pt-

210 3394 366 3490 ristensis,
390 3391 540 3496 editaque
554 3391 676 3465 Parisiis
691 3415 772 3485 1545.
787 3409 819 3478 8.
835 3413 866 3466 et
879 3389 1031 3495 inscripta
1044 3389 1216 3470 Francisco
1230 3395 1254 3473 1,
1273 3391 1400 3466 Galliae
1412 3395 1517 3492 Regi,
1536 3411 1569 3466 et
1586 3393 1626 3465 ab
1645 3417 1687 3464 eo
1706 3399 1858 3487 tempore
1878 3409 1928 3456 re·
2043 3387 2048 3405 ‘

114 3499 118 3503 ’
210 3495 283 3574 cusa
303 3506 337 3576 in
357 3497 499 3574 editione
512 3497 736 3598 Aristophanis
751 3493 943 3572 Geneuenst
998 3526 1001 3536 ·

432 3652 447 3804 t.
576 3681 581 3744 ζ
628 3719 669 3796 V.
704 3715 832 3792 Codices
855 3721 948 3821 misti
969 3729 1065 3812 atquc
1085 3717 1252 3790 Editiortts
1267 3713 1507 3814 Aristophanis.

280 3875 474 4054 ,smmum
496 3865 624 3948 codices
645 3879 769 3962 matos,
795 3899 939 3974 quorum
960 3877 1113 3960 notitiam
1131 3877 1303 3973 ,acquirere
1318 3875 1431 3974 potui,
1455 3867 1658 3954 enumerabo
1671 3854 1800 3966 potitis,
1825 3882 1928 3960 quam

207 4007 280 4056 rece
317 3981 390 4054 ebo.
1094 3979 1103 3996 '

668 4065 672 4088 l

208 4213 306 4303 tum',
329 4215 437 4288 Nubes
454 4232 485 4285 et
496 4206 738 4286 Eccleslazusas.
764 4249 816 4268 —
842 4217 890 4285 Ex
905 4197 1130 4308 Mdntfattcon.
1147 4202 1300 4286 biblioth
1313 4213 1584 4286 bibliothecarum
1601 4209 1779 4281 MSStrum
1793 4198 1927 4300 sequen·

208 4342 256 4396 tes
275 4318 417 4394 enotabo
438 4313 547 4389 codd,
559 4353 613 4372 --
635 4319 674 4387 ln
689 4316 837 4390 biblioth
855 4317 1007 4388 Ottodort.
1028 4315 1148 4387 Rornae
1163 4325 1255 4414 (pag.
1272 4319 1364 4406 188.)
1381 4317 1446 4388 Ar.
1465 4307 1621 4388 comoed.
1641 4329 1702 4386 etc.
1726 4311 1775 4407 (p
1785 4320 1851 4396 ¹87·
1868 4307 1925 4392 A.)

308 4115 429 4184 Romae
443 4115 477 4182 in
495 4108 646 4184 Biblioth.
665 4053 836 4184 Barberina
851 4106 895 4182 esi
909 4135 957 4181 nr.
976 4108 1202 4182 CCCXXXV.
1217 4107 1292 4184 cod.
1309 4111 1448 4183 chartac,
1466 4102 1549 4180 saec.
1563 4103 1637 4179 XV.
1658 4103 1829 4176 continens
1851 4093 1928 4171 Plu·
2059 4112 2064 4116 “
2108 4150 2121 4166 ,

158 4422 314 4518 Arist.
337 4416 490 4494 comoed.
523 4458 571 4476 -
603 4416 679 4491 ibid.
695 4425 728 4490 in
744 4419 895 4492 biblioth.
909 4423 1010 4490 Varie.
1032 4417 1114 4490 olim
1137 4419 1442 4518 reginae-Sueciae,
1468 4427 1522 4516 (p.
1535 4422 1599 4511 35.)
1612 4409 1716 4503 Aust.
1738 4411 1868 4490 Plutus,
1892 4423 1926 4479 et
2061 4454 2070 4472 ,
2150 4475 2161 4485 ,

210 4532 260 4630 (p.
276 4550 391 4616 amnt.
409 4525 695 4614 DCCCCLXIV.)
711 4521 924 4600 Comoedias.
955 4561 1005 4576 -
1032 4527 1065 4592 in
1086 4521 1233 4594 biblioth.
1252 4522 1295 4593 V
1291 4525 1365 4596 asir.
1387 4538 1529 4621 quatuor
1547 4513 1645 4589 codd.
1659 4522 1750 4614 (pag,
1769 4512 1872 4598 4A‘.)
1893 4527 1927 4582 et

208 4631 264 4706 alii
279 4649 343 4706 tres
359 4653 437 4704 cum
452 4623 605 4713 scholiis,
630 4628 677 4727 (p.
693 4649 719 4719 5.
735 4629 792 4720 B.)
813 4665 865 4682 —
890 4625 928 4730 In
942 4624 1087 4698 biblioth.
1098 4627 1258 4699 Patauina
1276 4627 1369 4726 (pag.
1385 4638 1457 4715 485.
1472 4623 1528 4715 E.)
1541 4621 1685 4694 Psartras:
1704 4613 1782 4791 ἱδὲ).
1798 4611 1923 4788 inpibl.
2068 4640 2072 4650 .

367 4746 369 4751 ’
985 4797 987 4802 ,
1144 4799 1149 4807 ,
1510 4781 1513 4787 .
1581 4770 1592 4789 ,
1783 4744 1835 4790 rra
1860 4743 1926 4804 uta,

153 4969 160 4976 '
252 4961 309 5036 dd)
329 4961 408 5026 vide
421 4959 484 5031 Ine.
498 4910 692 5040 'ihomnfirrnr
705 4953 741 5016 de
755 4952 853 5034 stigio
866 4955 975 5041 hecar.
989 4955 1014 5042 i.
1029 4915 1091 5034 eir.
1106 4970 1136 5020 et
1148 4971 1204 5034 550
1216 4953 1258 5045 sq.
1271 4954 1444 5042 ethorgii
1455 4939 1652 5042 {Sigismapdi
1659 4949 1788 5030 ¹(iretrtr'r'
1805 4939 1867 5026 titt
1886 4953 1925 5016 de
1993 4938 1998 4946 ⁴

207 5041 815 5136 schottmenrtnophaaia.·wireb.1695,
996 5075 1021 5092 ¹·
1475 5094 1478 5104 ,
1605 5092 1611 5118 ¹
1839 5048 1862 5087 x
1997 5037 2002 5055 ⁸
