4700 5809
302 538 306 551 ,
433 450 527 550 224⁴
593 458 666 533 Ls‘h.
681 457 733 533 II.
744 481 771 529 s.
782 454 918 533 XVII.
1106 455 1168 583 DS
1201 452 1491 531 comosum

370 644 393 715 ’.
497 644 499 651 ’
539 648 681 745 Sophcsh
699 646 896 747 Tragoedias
913 644 955 719 V
951 646 1001 719 11.
1014 666 1072 741 gr.
1082 660 1115 719 et
1126 647 1186 747 lot,
1198 614 1285 721 nocie
1297 650 1435 747 sasione
1454 648 1612 743 donatas,
1625 624 1757 746 scholiis
1772 646 1951 731 omna.
1973 602 2059 739 (tesss
2077 638 2166 727 ants·

437 754 495 827 has
514 752 608 853 passi
629 776 712 823 nanc
726 756 872 847 primatu
892 751 1018 844 editis.)
1036 754 1184 848 notisque
1201 761 1365 847 perpessis
1380 766 1413 823 et
1425 755 1528 822 uariis
1544 748 1725 823 inhiantibus
1744 750 1939 846 illststsatas,
1951 761 2061 852 *mssa
2083 752 2168 825 Tha·

437 879 505 931 tssae
518 855 665 955 lohastsss.
698 852 854 929 Londini.
882 858 921 929 G.
938 860 1049 953 lungo.
1065 868 1135 933 etc.
1153 864 1246 947 1746.
1268 861 1348 930 mai.
1365 871 1398 941 8.
1426 857 1482 929 lll.
1497 878 1584 929 tom.
1865 876 1868 882 ’

537 1004 795 1093 Εαιᾰω,,εαω
808 999 961 1099 scholiis,
990 998 1088 1075 aTh.
1108 998 1265 1098 Iohsy‘on,
1291 1026 1341 1104 gr.
1361 1018 1394 1072 et
1412 998 1466 1073 lat.
1494 992 1658 1090 Londini,
1682 1016 1766 1092 1758.
1793 1005 1871 1074 mai.
1889 1016 1921 1086 8.
1944 1003 1986 1073 ΙΙ.
1999 1019 2084 1077 tom.
2113 1028 2168 1058 -·

439 1112 630 1191 etEtonae,
655 1110 698 1181 ll.
713 1124 798 1181 torn.
825 1126 907 1197 1775.
934 1116 966 1201 8.
2104 1117 2107 1124 ·

539 1248 754 1343 Qamquam
767 1240 848 1315 Iohss
865 1266 904 1311 ors
919 1234 1079 1340 quaedam
1093 1262 1182 1311 noua
1196 1232 1312 1322 adtulit
1325 1234 1366 1313 ad
1385 1237 1561 1313 meliorem
1582 1259 1699 1341 poetae
1720 1235 1971 1338 intelligentiam
1989 1260 2046 1313 aut
2067 1243 2162 1313 inter·
2288 1242 2292 1253 '

436 1334 676 1450 pretationem:
702 1358 772 1419 non
787 1341 828 1417 de
845 1358 962 1416 uemnt
978 1364 1107 1431 tanen,
1155 1349 1189 1413 ui
1208 1343 1303 1442 plura
1326 1341 1619 1449 reprehenderent;
1641 1348 1676 1418 in
1697 1348 1751 1430 his
1769 1344 1865 1443 ipsius
1888 1344 2054 1445 papularis
2075 1346 2163 1417 Hea-

316 1470 325 1487 '
375 1496 381 1501 ·
437 1458 535 1527 thius.
586 1454 714 1551 Atque,
740 1444 962 1549 qui'L'effingii
978 1452 1111 1544 ingenio
1132 1368 1328 1546 scientiaque
1348 1470 1467 1547 poetae
1487 1449 1635 1546 legitime
1656 1444 1887 1549 interpretandi
1901 1447 2093 1533 instructus,
2108 1441 2197 1521 'se-¹
2297 1454 2302 1467 “

409 1552 413 1569 ’
438 1552 586 1630 cundum
606 1574 778 1655 praecepta
798 1576 876 1624 cum
896 1555 1147 1649 grammatices,
1170 1570 1243 1623 tum
1266 1555 1301 1623 in
1324 1557 1438 1649 primis
1458 1557 1532 1624 artis
1556 1550 1753 1625 dramaticae
1769 1548 1911 1626 dilucide
1926 1547 2096 1653 sobrieque
2107 1576 2161 1624 est·

437 1660 555 1761 plicet,
578 1678 611 1731 et
626 1662 706 1759 qui,
731 1682 815 1758 quae
830 1657 917 1727 bona
932 1652 1094 1754 dotisque
1107 1646 1182 1727 sunt
1195 1658 1231 1727 in
1245 1650 1375 1728 scholiis
1390 1658 1635 1757 antiquioribus,
1654 1682 1750 1755 mpse
1765 1654 2003 1729 Hesusiecbuhi
2017 1676 2071 1729 aut
2083 1654 2161 1727 Val-

285 1760 292 1767 ’
437 1767 591 1848 ckenarii,
604 1758 660 1834 dili
686 1780 778 1833 enter
791 1780 884 1833 eruat
897 1778 994 1859 atque
1006 1756 1152 1843 illustret,
1167 1762 1192 1829 is
1206 1756 1314 1831 adhuc
1326 1756 1532 1837 desideratur.
1582 1765 1697 1860 Neque
1711 1742 1800 1833 eriim
1813 1762 1966 1835 omnibus
1981 1764 2161 1861 interpretis
2206 1823 2211 1830 .
2314 1785 2319 1799 ·

336 1927 345 1941 .
437 1867 555 1943 officiis
571 1886 603 1939 et
617 1788 846 1965 exspseshmioni
860 1861 1067 1937 eruditorum
1080 1868 1221 1935 omnino
1238 1856 1459 1936 satisfecerunt
1473 1869 1621 1937 auciores
1633 1860 1783 1937 editionis
1798 1860 1956 1938 Parismae
1970 1864 2136 1938 venusiae:

538 2018 695 2115 Sophoclis
719 2016 920 2115 Tragoedias
925 2016 1048 2113 sepit!
1062 2041 1131 2087 curn
1144 2022 1400 2109 interpretatione
1411 2020 1517 2089 ustae
1526 2031 1559 2090 st
1562 2016 1694 2115 scholiis
1706 2023 1864 2092 ueteribus
1877 2044 1913 2090 nc
1924 2021 2026 2091 nouis.
2054 2036 2059 2048 '
2078 2018 2164 2089 Essi-
2189 2040 2195 2051 ·

437 2131 553 2201 tionesss
575 2126 702 2213 susaait
722 2126 853 2193 locasses
868 2118 1123 2217 Capperonssies,
1158 2125 1267 2215 regiae
1285 2122 1484 2193 tressortem
1505 2120 1624 2215 castas,
1647 2130 1754 2219 regiae
1777 2124 1915 2219 inscript.
1937 2120 2026 2193 asad.
2038 2124 2162 2219 socius,

323 2304 326 2313 ,
436 2226 674 2325 regisaclsiior,
694 2214 725 2299 it
735 2248 868 2322 graecae
881 2225 1007 2318 linguae
1023 2220 1200 2321 l’sofsffie:
1250 2221 1305 2298 Eo
1318 2222 1467 2318 defensio
1479 2224 1579 2298 ettttr
1595 2240 1707 2309 notar,
1722 2224 1961 2322 praefationem
1982 2239 2013 2295 ct
2030 2228 2161 2299 indicens

158 2348 160 2355 ’
263 2392 266 2399 .
313 2361 318 2372 ‘
436 2336 550 2406 idiecit
563 2333 612 2410 Io,
626 2328 813 2426 Frasaijissr
830 2330 1037 2408 Vauoillicrs,
1059 2335 1171 2425 regias
1186 2322 1284 2400 lehhor
1300 2340 1333 2399 et
1347 2352 1484 2427 graecae
1506 2330 1632 2425 linguas
1646 2330 1826 2430 Psnscffos.
1850 2332 2003 2431 Psaphis,
2028 2335 2158 2420 ussus.

436 2441 478 2512 lt.
492 2455 591 2510 tome
666 2469 711 2484 ¹·
2157 2471 2162 2481 ·

443 2654 446 2663 ,
536 2567 809 2671 Capperonnierii
833 2568 949 2639 metita
973 2568 1006 2635 in
1028 2560 1233 2664 Sophoclem
1253 2559 1326 2637 sunt
1347 2562 1442 2638 valde
1464 2570 1593 2665 exigua.
1642 2570 1773 2641 Textus
1794 2570 1883 2641 enim
1900 2564 2159 2665 tragoediarum,

435 2672 541 2750 versio
555 2673 653 2747 latina
668 2690 699 2745 et
715 2664 838 2742 scholia
851 2695 968 2767 graeca
982 2662 1054 2743 sunt
1068 2672 1202 2766 repetita
1218 2694 1257 2739 ex
1279 2664 1434 2741 lobnsoni
1455 2670 1629 2771 exemplo,
1654 2694 1752 2771 atque
1772 2670 1957 2745 cura-illins
1977 2667 2162 2747 versabatur

196 2824 201 2839 ·
333 2778 335 2783 ’
419 2788 471 2855 ·in
485 2782 568 2853 vitiis
585 2778 830 2876 typographicis
844 2770 1016 2873 tollendis,
1040 2766 1169 2843 scholiis
1192 2770 1382 2845 ohdinandis
1402 2793 1434 2845 et
1446 2772 1647 2872 corrigendis
1661 2770 1820 2876 rebusque
1830 2781 1964 2848 minutia
1982 2775 2157 2852 mutandis.

437 2882 708 2982 Capperonuerio
726 2895 880 2969 mortuo,
906 2902 982 2949 cura
998 2872 1111 2946 ultima
1126 2900 1180 2945 an.
1196 2901 1282 2966 ¹777·
1297 2874 1404 2948 delata
1421 2876 1466 2949 esi
1485 2876 1525 2950 ad
1542 2880 1683 2969 Vauvill.
1705 2884 1762 2980 qui
1783 2886 1818 2952 in
1831 2876 2074 2976 adiundiisobs
2144 2928 2160 2951 .
2242 2961 2247 2969 ,

436 2988 579 3062 tionibus
605 2978 827 3057 incredibilem
848 2978 1052 3081 diligentiam
1076 3004 1115 3071 ac
1144 2973 1293 3051 subtilem
1314 2979 1447 3079 linguae
1473 3002 1568 3083 atque
1590 2982 1827 3083 elegantiarum
1845 3010 2037 3082 graecarum
2053 2981 2159 3059 scien·

435 3097 516 3166 tiam
533 3084 691 3170 ostendit,
716 3088 811 3171 eriis,
834 3111 916 3183 quae
931 3088 1065 3165 Daves,
1092 3084 1233 3155 Brrmck.
1248 3088 1283 3154 in
1295 3087 1478 3156 minoribns
1492 3094 1666 3188 praecipue
1686 3086 1898 3173 editionibus,
1923 3091 2055 3176 Heath,
2079 3090 2158 3165 val.

434 3196 621 3285 ckenarius,
646 3191 771 3289 Toup,
797 3191 978 3288 Musgraue
992 3210 1054 3259 erc.
1078 3184 1284 3274 adtulerunt,
1309 3185 1586 3288 diligenterssus,
1611 3190 1700 3264 haud
1722 3218 1825 3292 pauca
1846 3179 1963 3265 melius
1983 3188 2156 3294 perspexit,

294 3376 299 3401 ι
434 3300 605 3398 multaque
626 3294 701 3367 loca
722 3296 868 3365 tenteuit.
920 3296 965 3365 Vt
981 3294 1087 3391 Capp.
1111 3292 1252 3363 romana
1273 3284 1478 3365 scholiorum
1499 3294 1642 3369 editione
1661 3301 1782 3383 caruit,
1807 3299 1851 3367 ita
1864 3324 1996 3397 quoque
2011 3298 2155 3375 Vausill.

345 3448 349 3457 «
392 3454 396 3465 -
432 3399 558 3479 Aldina
573 3396 746 3499 Sophoclis
761 3392 927 3497 exemplo.
979 3397 1046 3467 Hic
1060 3398 1179 3494 igitur,
1204 3392 1340 3493 quando
1360 3394 1517 3470 hldinam
1536 3398 1715 3473 lechonem
1737 3397 1870 3486 laudat,
1891 3399 1926 3473 id
1944 3401 1998 3475 vel
2020 3404 2156 3477 Heatbii

432 3506 621 3583 testimonio
638 3522 749 3575 motus
762 3500 815 3574 vel
831 3504 976 3575 Simonis
990 3498 1162 3583 Colinaei,
1187 3504 1243 3599 qui
1266 3492 1360 3571 suam
1380 3497 1457 3573 edit.
1472 3527 1513 3573 ex
1530 3500 1586 3575 illa
1601 3499 1712 3598 duxit,
1736 3498 1801 3575 side
1814 3497 1902 3575 fecit.
1953 3506 2088 3577 Heathii
2109 3526 2157 3579 at·

291 3652 297 3659 .
433 3638 498 3721 que
517 3609 671 3683 Brunckii
693 3602 940 3681 emendationes
953 3597 1054 3705 ‘saepe
1077 3602 1212 3702 probat3
1236 3600 1327 3675 haud
1344 3624 1457 3675 tamen
1479 3628 1554 3678 raro
1574 3609 1675 3703 reiicit
1694 3608 1831 3680 iliorum
1852 3601 2058 3709 suspiciones.
2107 3603 2163 3683 Ea

433 3735 544 3790 autern
564 3710 753 3785 liberalitate
777 3706 935 3783 conflauit
953 3704 1010 3779 sibi
1033 3704 1151 3780 odium
1171 3704 1345 3800 branchii,
1370 3711 1427 3809 qui
1451 3710 1486 3781 in
1499 3715 1585 3781 notis
1606 3706 1649 3783 ad
1664 3709 1918 3811 Aristophanem
1938 3710 2029 3785 etad
2051 3718 2154 3788 maio·

372 3898 374 3901 ,
432 3844 506 3893 rem
521 3813 697 3918 Sophoclis
711 3810 890 3913 editionem
909 3836 986 3883 eum
999 3807 1095 3883 valde
1110 3813 1215 3910 carpit
1233 3810 1443 3910 acerbiusque
1456 3806 1584 3887 refutat.
1634 3808 1753 3908 [Cons.
1769 3814 1953 3889 huius‘edit.
1966 3812 2099 3889 censura
2119 3822 2153 3891 in

140 3959 155 3975 ·-
306 3984 309 3989 .
367 3913 370 3922 '
432 3922 585 3998 nielson.
601 3922 686 3993 cra.
703 3915 813 3997 nmn.
827 3915 896 3989 vos.
911 3918 950 3988 u.
971 3932 1052 4015 pan.
1070 3912 1111 3985 u.
1137 3938 1215 4014 pag.
1230 3935 1267 4002 33
1283 3907 1329 4015 tq.
1351 3914 1471 4010 [Brea]
1611 4016 1622 4029 g

531 4058 670 4155 Optima
683 4054 783 4151 igitur
803 4052 911 4123 critica
928 4044 1027 4122 editio
1042 4045 1104 4137 esi,
1126 4073 1228 4149 quam
1248 4046 1457 4123 cetltrmes.
1482 4044 1700 4153 sagacissimus
1715 4035 1770 4129 ille
1792 4058 1940 4141 criticus,
1961 4071 1995 4126 et
2022 4052 2156 4155 linguae

431 4184 568 4263 graecae
581 4182 651 4229 non
665 4162 775 4229 minus
789 4179 891 4255 quarn
903 4146 999 4225 metii
1010 4156 1127 4251 tragici
1140 4148 1394 4241 callentissimus,
1409 4162 1545 4253 parauit.
1594 4157 1656 4232 llle
1672 4154 1806 4259 quidem
1820 4164 1886 4231 iam
1904 4178 1997 4231 antea
2012 4156 2156 4232 ediderat

430 4260 784 4359 SophoclisAntiganess
802 4283 881 4329 curn
897 4252 1091 4367 quibusdam
1106 4249 1294 4350 Aeschyleis
1314 4274 1347 4330 et
1360 4256 1522 4360 Euripidis
1537 4258 1676 4347 Medea,
1701 4288 1751 4363 gr.
1770 4288 1846 4335 cum
1870 4264 1976 4347 notia,
2002 4288 2093 4356 1779.
2120 4274 2152 4345 8.
2173 4287 2176 4296 ·
2198 4269 2202 4275 ’

429 4368 590 4463 Sophoclis
599 4362 759 4437 Elehirasss
773 4388 850 4435 eum
866 4357 1028 4460 Euripidis
1036 4354 1283 4448 Andromache,
1308 4384 1360 4459 gr.
1376 4389 1455 4460 curn
1472 4370 1570 4452 notis,
1596 4390 1684 4459 ¹779·
1701 4378 1735 4449 8.
1759 4388 1792 4438 et
1803 4365 1964 4459 Oedipsssn
1979 4380 2156 4464 tyrannam

430 4498 509 4547 cum
518 4462 682 4567 Euripidis
695 4465 818 4543 Orelle
844 4467 1032 4540 Plenioreru
1046 4464 1158 4537 tainen
1171 4484 1205 4537 et
1217 4461 1378 4539 classicam
1392 4462 1545 4540 omnium
1560 4466 1805 4569 tragoediarum
1818 4468 2001 4561 editionemj
2007 4474 2156 4552 curauit:

446 4686 450 4691 .
534 4582 712 4697 Sophoclis,
743 4622 823 4696 qaas
834 4583 1033 4702 supedant,
1065 4601 1189 4686 omnio,
1220 4622 1288 4673 caes
1312 4614 1453 4674 ostansa
1469 4610 1752 4700 grammaticorum
1761 4605 1906 4703 scholiis.
1962 4602 2157 4704 Superstitts
2225 4676 2230 4683 ,

430 4710 618 4805 tragoedias
643 4706 685 4777 V
683 4706 735 4779 II.
760 4708 1014 4799 adoptianorum
1035 4702 1261 4796 exemplarium
1274 4702 1378 4796 fidens
1400 4708 1571 4806 recesserit,
1596 4712 1734 4810 caſsasse
1749 4724 1781 4779 ct
1794 4713 1878 4779 sotis
1891 4706 2075 4807 illustrauit,
2097 4707 2153 4780 sis·

425 4816 630 4911 perditarum
645 4810 841 4905 fragmenta
858 4808 934 4879 colle
959 4814 987 4878 it
999 4808 1090 4877 Rich.
1107 4806 1227 4879 lihons.
1244 4808 1331 4879 Phil.
1349 4810 1502 4898 Branch,
1530 4818 1637 4911 regiae
1658 4809 1907 4914 ,inscriptionum
1921 4832 1958 4884 et
1977 4816 2152 4887 humanio-

432 4942 509 4990 rum
532 4914 700 4986 literarum
722 4904 907 4985 academiae
927 4830 1042 4983 hesua
1083 4912 1312 5007 Argentorari,
1344 4910 1432 5009 apud
1460 4917 1550 4989 loan.
1569 4921 1692 5016 Georg.
1707 4915 1865 4997 Treutel.
1900 4916 1968 4989 vol.
1984 4918 2007 4987 l.
2037 4942 2112 5017 pars
2125 4920 2151 4989 l.

310 5111 314 5125 Ι
356 5097 366 5124 -.
433 5012 840 5143 quaecontinetOedipos
860 5011 964 5102 duos,
987 5016 1181 5113 Antigonen
1202 5035 1233 5085 et
1251 5014 1466 5124 Trachinins,
1490 5046 1625 5120 graece,
1650 5044 1684 5095 et
1704 5052 1721 5096 a
1741 5016 2061 5123 pausationem
2078 5022 2154 5101 lati·

421 5161 428 5172 .
1992 5166 1997 5173 ·
2051 5151 2153 5217 name
