4700 5809
1863 458 2149 484 m

298 423 301 428 =
426 424 503 498 ¹294
565 339 675 478 ,ru
691 391 783 470 tre.
798 388 910 476 utre
983 387 1215 464 -uorrru
1249 391 1570 490 ratctconvu
1657 364 1680 471 ζ
1807 357 1923 450 «vn.
1932 382 1954 440 1-
1969 332 2151 454 sturm

424 589 538 696 pserat
554 591 643 662 enirn
660 585 874 675 Clitonymus
888 585 986 656 etiam
997 567 1163 659 Ἰταλικοὶ
1180 601 1212 652 et
1226 575 1463 684 Συβαριτικεὶ,
1485 604 1569 680 quae
1586 575 1699 652 laudat
1716 562 1883 654 Ptuaict.
1903 581 1938 648 in
1960 521 2072 677 pasall.
2093 579 2154 648 mi·
2182 541 2187 548 Ι

435 685 765 790 nor.cap.1oetat.]
956 702 960 711 '
1433 745 1436 753 .

539 843 773 944 [CLlTVS,
797 829 957 938 tragicus,
977 841 1012 910 in
1030 815 1205 938 Epitaphio
1225 832 1312 936 apud
1330 833 1483 909 Rutarst.
1506 832 1673 911 Cianum
1699 773 1735 907 in
1754 829 1901 936 Inscript.
1922 839 2023 936 antiq,
2045 837 2157 908 oxon,

436 978 528 1050 1774.
544 945 607 1024 sol.
623 965 704 1048 part.
720 947 742 1018 l.
756 969 849 1016 num.
865 965 913 1036 25.
935 941 1053 1038 Harl]
1634 967 1638 972 .

449 1099 453 1108 ’
539 1101 757 1176 CRATES
776 1073 1179 1197 tragoediarum'scriptor
1202 1077 1403 1166 memoratus
1426 1083 1615 1166 scholiallae
1633 1094 1821 1166 Germanici
1840 1119 1874 1192 p.
1891 1113 1958 1185 124.
1991 1033 2170 1170 Crateteus

270 1179 297 1278 Ι.
437 1208 583 1308 intellige
595 1201 797 1278 Thebanum
814 1205 993 1292 Cynicum,
1020 1225 1060 1272 ex
1075 1203 1169 1270 cuius
1183 1196 1377 1296 tragoediis,
1408 1191 1539 1269 sublimi
1564 1200 1750 1268 cltarailete
1770 1193 2000 1297 philosophico
2016 1194 2159 1296 scriptis,

335 1311 338 1320 ¹
436 1313 607 1416 specimen
615 1303 740 1418 profert
757 1307 909 1378 Laertius
931 1303 986 1376 lib.
1003 1307 1058 1374 Vl.
1087 1296 1161 1374 sedi.
1178 1315 1232 1392 98.
1283 1305 1361 1374 Eius
1382 1295 1554 1392 uetustatis
1572 1296 1682 1374 laudat
1708 1300 1894 1386 Demetrius
1912 1299 1953 1375 dc
1972 1299 2160 1376 elocutione
2194 1385 2204 1397 ι

438 1417 470 1525 §.
490 1445 559 1508 ης.
575 1419 754 1505 Hymnum
766 1417 803 1481 'et
816 1400 968 1501 urcium
981 1408 1128 1478 lulianus
1142 1409 1233 1478 Orat.
1250 1409 1283 1476 6.
1299 1424 1331 1475 et
1343 1427 1377 1491 q.
1429 1405 1522 1478 ldem
1537 1428 1570 1478 et
1583 1409 1695 1476 Crates
1712 1401 1729 1482 ὅ
1749 1401 1891 1497 ποιητὴς
1903 1401 2050 1479 laudatus
2071 1407 2161 1480 Era.

439 1521 575 1624 tosthsui
587 1525 621 1591 iu
637 1508 868 1589 Catallerismis
883 1538 952 1610 cap.
965 1533 1013 1604 25.
1671 1521 1675 1532 ¹
2136 1547 2142 1554 .

455 1665 458 1674 ’
542 1667 765 1748 CRlTlAS
795 1660 996 1739 Callaeschti
1018 1665 1053 1737 F.
1076 1657 1293 1746 Atheniensis,
1316 1661 1457 1732 Socratis
1484 1655 1626 1747 auditor,
1655 1659 1841 1760 eloquentia
1861 1658 2039 1760 praelians,
2065 1679 2162 1762 atque

441 1799 525 1854 anus
537 1806 556 1850 e
569 1779 608 1848 tri
611 1779 687 1874 gina
701 1772 887 1862 Tyrannis,
914 1787 1039 1867 praeter
1052 1765 1113 1839 alia
1125 1759 1240 1860 scripta
1257 1760 1359 1836 sertor
1373 1759 1595 1860 composuisse
1610 1761 1804 1864 tragoedias,
1827 1785 1859 1838 et
1874 1770 1908 1837 iu
1922 1768 1971 1837 his
1986 1760 2163 1846 ’Ληλάν-

93 1863 101 1876 '
160 1893 172 1904 ‘
323 1938 325 1944 .
441 1899 514 1974 m,
540 1879 667 1953 Polluci
680 1877 752 1946 Vll.
770 1899 819 1947 to.
838 1871 1010 1946 laudatam.
1061 1869 1247 1942 Pirithoum
1263 1893 1397 1968 quoque
1416 1887 1447 1938 et
1459 1869 1628 1964 Sisyphum
1652 1867 1812 1965 Euripidis
1833 1869 1933 1967 aliqui
1947 1868 1987 1942 ad
2010 1875 2162 1956 Critiam,

322 2033 326 2040 ·
442 2009 612 2084 tamquam
630 1979 802 2052 audlorem
816 1974 955 2049 retulere
969 1981 1029 2060 ⁶⁴).
1080 1971 1165 2042 Vide
1181 1973 1354 2073 Maeseſsum
1372 1975 1405 2042 in
1420 1973 1502 2043 Ribl.
1520 1977 1639 2055 Attica,
1674 1989 1706 2044 et
1726 1971 1874 2042 Bassiane
1894 1976 1929 2044 itt
1947 1975 2076 2046 ·Lexico
2103 1977 2200 2056 Hi,

345 2155 349 2162 .
443 2089 564 2164 slorieo
577 2078 711 2158 Critico.
762 2079 962 2162 Eveteribus
975 2075 1015 2150 de
1032 2078 1133 2148 Critia
1150 2071 1281 2146 videndi
1298 2073 1402 2158 Plato,
1428 2077 1561 2170 Cicero,
1586 2071 1769 2166 Dionyfius
1787 2071 2056 2163 Halicarnasseus,
2082 2097 2114 2150 et
2129 2081 2165 2150 iu

442 2195 528 2270 libro
543 2195 650 2292 priore
667 2185 708 2259 'de
723 2182 880 2284 Sophillis
898 2178 1114 2254 Philostratus.
1170 2182 1219 2248 Ex
1238 2175 1396 2277 Euripide
1418 2179 1581 2250 nonnulla
1603 2173 1784 2277 expressisse
1802 2197 1899 2277 atque
1918 2183 1953 2251 in
1970 2175 2026 2252 sua
2050 2175 2164 2278 scripta

413 2337 425 2376 ,κ
443 2288 635 2372 transtuliffe
648 2309 740 2362 notat
751 2289 894 2362 Clemens
908 2287 1007 2360 Alex.
1023 2282 1076 2356 lib.
1095 2285 1153 2358 Vl.
1168 2283 1292 2354 Strom.
1310 2307 1342 2378 p.
1357 2287 1431 2357 620.
1488 2283 1540 2354 De
1561 2285 1681 2354 Critiae
1701 2274 1893 2362 sonuisse
1913 2280 1980 2356 fiue
1999 2308 2099 2381 opere
2125 2279 2166 2355 de

302 2433 307 2440 ·
443 2402 589 2497 Rebusp.
611 2394 668 2492 [s]
698 2393 834 2488 Cuflsub.
849 2393 915 2464 xi:
927 2412 956 2478 3.
974 2389 1015 2461 ad
1031 2389 1248 2462 Athenaeum.
1300 2387 1379 2458 Eius
1395 2385 1531 2484 Elegiss
1545 2389 1619 2459 citat
1635 2405 1667 2458 et
1678 2409 1718 2458 ex
1738 2382 1801 2457 illis
1816 2406 1955 2487 quatuor
1967 2383 2074 2460 versus
2088 2412 2167 2488 pro·

433 2501 508 2582 sert
526 2498 721 2576 Plutarchus
737 2491 899 2569 Alcibiade
916 2519 948 2594 p.
969 2518 1044 2588 209.
1964 2545 1968 2555 ,
2100 2533 2105 2544 .

472 2737 477 2746 ,
548 2659 579 2730 C
587 2651 801 2726 YLlSCVS
816 2645 977 2740 Gyraldo,
992 2641 1108 2718 Volho
1123 2664 1155 2716 et
1168 2641 1236 2715 aliis
1257 2645 1466 2730 nominatus,
1497 2638 1609 2715 nullus
1630 2639 1696 2732 οὓς
1729 2668 1809 2714 uam
1833 2640 1921 2742 apud
1942 2645 2087 2718 Plinium
2111 2644 2171 2718 lib.

446 2763 537 2836 Xlll.
552 2783 621 2856 cap.
642 2779 695 2828 to.
714 2749 900 2852 legendum
909 2747 995 2824 haud
1012 2745 1109 2821 dubie
1133 2746 1313 2843 Philistus,
1340 2771 1442 2844 quem
1467 2743 1708 2842 tragoediarum
1731 2739 1942 2846 scriptorem,
1966 2748 2172 2822 meditabun-

445 2865 527 2940 dum
543 2865 646 2960 pinxit
662 2861 872 2956 Protogenes.
923 2859 1029 2953 Atque
1043 2857 1088 2924 ira
1103 2845 1338 2950 repraesentant
1352 2853 1498 2950 optimae
1517 2847 1613 2923 Plinii
1634 2844 1804 2924 editiones.
1864 2853 2006 2928 De-hoc
2029 2847 2169 2929 l’hilisco

415 2961 603 3046 'iufrasuo
622 2960 715 3036 loco.

325 3081 330 3088 ’
460 3207 462 3214 Α
547 3099 1130 3215 oeununrr‘asupts'uas.
1183 3101 1728 3218 vuapaurosssnternnnupau.

547 3268 873 3347 DEMETRIVS
896 3254 1090 3370 τραγῳδιῶν
1105 3257 1288 3364 insuperis
1303 3283 1507 3336 memoratus
1528 3257 1720 3355 Hesychio‚
1761 3267 1938 3343 incertum,
1976 3256 2109 3334 idemne
2133 3258 2172 3337 stt

446 3405 526 3454 cum
542 3369 791 3479 lpapanmsq'i
807 3373 902 3440 huius
917 3373 1080 3453 nominis,
1121 3393 1222 3465 quem
1246 3366 1285 3438 ab
1305 3369 1447 3438 Horatio
1471 3366 1638 3463 perstringi
1660 3385 1753 3436 notat
1776 3369 1846 3437 eius
1866 3372 2034 3462 interpres.
2084 3364 2171 3440 Vide

447 3486 594 3580 Menogii
604 3497 701 3552 notas
713 3474 753 3548 ad
768 3476 932 3549 laertium
947 3497 978 3568 p.
993 3493 1061 3562 σας.
1087 3471 1214 3541 Febris.
1265 3465 1359 3544 Adde
1372 3471 1417 3566 Is.
1429 3469 1565 3562 Casoub.
1582 3467 1624 3540 dc
1637 3470 1745 3558 Satyr.
1762 3464 1852 3539 Poes.
1867 3469 1922 3540 lib.
1932 3474 1957 3547 i.
1971 3494 2041 3566 cap.
2053 3497 2079 3563 ς.
2097 3495 2170 3568 pag.

202 3575 211 3590 ¹
300 3615 304 3622 ·
447 3615 504 3683 ¹50
524 3583 591 3682 sqq.
606 3584 662 3682 qui
683 3582 907 3660 Demetrium,
932 3577 1134 3750 trapicorum
1155 3593 1188 3644 et
1210 3567 1425 3662 satyricorum
1445 3591 1636 3669 poematum
1660 3575 1829 3644 auc‘lotem
1853 3579 1960 3668 poetis
1981 3572 2174 3646 adnumerat

448 3691 601 3868 graspus,
611 3702 757 3787 ’propter
769 3699 894 3756 certum
910 3701 977 3778 poe

489 3818 528 3864 os
540 3847 549 3864 .

399 4013 405 4022 ι
544 3919 885 4009 DEMOLOGVS
906 3919 941 3986 in
962 3911 1237 3986 Medsulattdatur
1251 3941 1270 3987 a
1286 3910 1416 3986 Polluce
1431 3907 1489 3992 lib.
1505 3917 1645 4012 lV.‘cap.
1657 3937 1708 4002 24
1732 3907 1835 4011 segm.
1853 3939 1920 4006 174.
1954 3912 2040 3986 vnde
2056 3917 2174 4015 Tragi.

449 4035 495 4105 cis
509 4055 527 4100 a
543 4025 704 4122 Delrione
717 4015 923 4092 accensetur-z
951 4011 1003 4089 sed
1019 4017 1184 4112 Minuta
1198 4023 1232 4088 in
1248 4017 1444 4090 Bibliotheca
1459 4021 1582 4090 Graeca
1596 4019 1846 4116 ptoDsmoiogo
1863 4019 2174 4118 legitDiuoiochum‚

369 4125 380 4134 ’
433 4129 541 4234 ·quod
553 4129 683 4202 Comici
698 4147 823 4197 nomen
840 4121 885 4194 est
899 4139 1122 4194 memoratum
1136 4119 1266 4196 Suidae.
1299 4123 1349 4215 [iu
1361 4117 1635 4195 edinblcmslerh.
1652 4147 1684 4219 p.
1693 4145 1766 4214 454.
1780 4120 1900 4221 legitur
1914 4125 1948 4193 in
1965 4144 2053 4195 textu
2067 4138 2173 4202 Amo.

426 4232 573 4336 ’λα’χος.
589 4261 620 4307 v·
636 4229 784 4330 interpr]
822 4229 900 4300 Eius
924 4215 1121 4325 Ἀμοὶζονας
1145 4221 1236 4312 idem
1257 4223 1382 4302 Pottsx
1402 4223 1513 4300 laudat
1529 4225 1585 4300 lib.
1608 4228 1650 4300 X.
1673 4251 1744 4325 cap.
1756 4248 1807 4319 45.
1834 4219 1953 4326 [segm.
1980 4251 2047 4316 ιῃ.
2070 4228 2122 4299 vbi
2142 4253 2173 4300 r.
2246 4263 2254 4280 .

736 4399 743 4410 .
1190 4357 1194 4364 ·
1663 4355 1667 4363 ’
2007 4329 2174 4407 Hemsler·

990 3701 1047 3752 eos
1063 3678 1293 3769 characterem,
1309 3701 1376 3776 quo
1388 3675 1572 3775 plurimum
1594 3675 1763 3749 utebamur
1776 3669 1969 3777 Tarsenses,
2002 3673 2048 3747 fic
2070 3674 2173 3750 ditiis.

495 4559 550 4624 aa)
569 4553 671 4624 Longa
685 4541 733 4606 illo
755 4543 839 4623 insse,
867 4559 955 4624 quam
984 4559 1020 4600 ex
1043 4537 1191 4623 Euripidis
1209 4537 1292 4624 Sffy·
1340 4537 1507 4606 Moshstrtii
1520 4541 1558 4605 ad
1572 4541 1746 4605 Cudwotthi
1766 4540 1886 4614 systema
1904 4539 2049 4606 intelleti.
2064 4566 2093 4627 p.
2107 4563 2173 4624 793.

450 4637 524 4722 pho,
546 4639 675 4698 dramate
690 4631 824 4702 satyrico,
848 4631 968 4689 Grotius
992 4647 1024 4688 ac
1041 4627 1190 4686 Batncsius
1207 4629 1290 4688 exhi·
1341 4628 1566 4690 addeeumdem
1584 4629 1728 4696 Valuisset.
1747 4625 1766 4688 l.
1782 4651 1869 4690 mem.
1885 4651 1915 4712 p.
1928 4649 1997 4704 209.
2027 4661 2070 4676 -
2093 4632 2175 4694 Pis-i.

451 4730 539 4796 bent,
576 4720 689 4782 iudicio
713 4717 744 4780 V
743 4713 910 4778 alchenurt't'
928 4717 959 4774 in
979 4711 1111 4775 Diatriba
1133 4714 1292 4796 Euripiden
1341 4711 1431 4776 tiores
1444 4731 1543 4776 vtrutn
1558 4713 1626 4776 esset
1641 4715 1800 4798 Euripidis,
1820 4737 1857 4776 an
1873 4718 1981 4781 Critiae
1995 4715 2106 4790 drama,
2122 4717 2174 4778 clu.

453 4835 481 4898 p.
506 4829 549 4880 μΓ
575 4812 609 4868 A.
638 4800 762 4863 multum
784 4801 821 4860 ab
847 4799 1006 4882 Euripiden
1034 4795 1134 4859 colore
1165 4798 1291 4873 diuerso,
1341 4798 1833 4884 bitauitiam,AthsneeusX1.p.
1859 4807 1929 4874 496.
1951 4803 1983 4862 R
2002 4799 2080 4863 conf.
2099 4801 2174 4868 Vai-

455 4895 582 4964 Cuitior,
596 4907 742 4970 tamqnam
757 4887 883 4957 atreiori,
897 4881 1050 4946 tribuenda
1063 4886 1102 4942 ut
1118 4905 1185 4944 cum
1194 4884 1292 4946 Sexto
1340 4885 1421 4951 sien.
1434 4884 1501 4950 loco
1515 4890 1563 4950 cit.
1578 4908 1608 4971 p.
1623 4906 1687 4966 197.
1700 4891 1733 4950 (L
1750 4903 1779 4950 ct
1802 4899 1860 4961 198.
1875 4889 1908 4948 A
1930 4885 2024 4950 Harl.

438 4979 610 5063 *Empirico
625 4996 653 5059 p.
670 4979 734 5046 562.
752 4991 804 5032 nec
819 4973 844 5032 is
860 4971 966 5055 probat
981 4967 1125 5032 iudicium
1139 4969 1294 5037 Io.Laur.
