4700 5809
257 394 444 496 Q
577 456 583 475 ,
785 368 1184 497 'resonantiam
1213 396 1434 509 mcum
1506 394 1811 474 marnam.
1897 342 2034 491 'aaa¹
2168 488 2172 497 ,

310 532 317 635 ,¹
355 587 482 663 Eadem
505 586 550 663 esI
569 584 689 661 editio:
714 592 748 663 in
767 592 886 687 prioris
909 607 1021 661 tamen
1044 585 1197 661 editionis
1217 581 1416 688 exemplari,
1441 587 1533 691 quod
1550 534 1615 664 fiiis
1634 594 1670 663 in
1692 584 1774 661 Bibl.
1787 583 1977 671 Pinelliana,
2048 607 2075 683 j

252 694 351 786 (tom.
368 698 406 771 tt.
430 718 509 795 pag.
525 698 608 787 253.)
621 697 761 792 paginae
776 691 860 767 duae
875 686 1009 779 desunt,
1034 696 1069 765 in
1087 692 1202 791 quibus
1216 690 1262 767 esl
1274 690 1424 793 diploma
1439 700 1570 793 regium
1590 720 1667 767 cum
1692 686 1827 794 epislola
1848 685 1978 775 dedica·

250 802 345 870 toria.
371 795 461 872 conf.
476 798 556 871 Bibs.
573 796 693 869 choifie
709 795 750 868 de
766 790 873 869 Mssa
890 796 991 877 Cserr.
1013 816 1096 868 tom.
1112 796 1230 867 XXIII.
1255 824 1288 896 p.
1303 820 1373 885 224
1401 799 1586 871 Hmmanni
1606 802 1687 873 Asia
1704 788 1826 898 philos,
1848 814 1933 867 tom.
1951 795 1977 862 1.
1999 854 2020 897 ,Ι

103 940 108 953 ·
249 935 283 1009 p.
299 931 369 1001 539.
395 906 508 995 Journ.
523 899 579 982 des
592 901 729 992 Sqavans
745 905 833 995 1665.
848 927 884 1001 p.
901 924 957 973 rta.
986 902 1110 996 Gnatae
1122 902 1233 975 Mem.
1248 898 1326 997 bibl,
1341 900 1460 977 Dresd.
1484 901 1553 978 uol.
1568 908 1607 977 II.
1630 887 1755 1003 p.⁸458.
1781 897 1889 999 Danas
1901 898 1975 968 Me·

250 1008 424 1085 mutabilia
434 1005 586 1079 brbliotb.
605 1002 828 1098 Gartllianae,
854 1028 885 1101 p.
901 1024 970 1091 322.
996 1004 1090 1075 Bure
1103 1002 1259 1103 bibliogr.
1276 1000 1464 1079 inslrusliue
1477 1007 1514 1081 Β.
1531 1008 1567 1079 L.
1583 1026 1667 1081 tom.
1683 1009 1708 1077 t.
1728 996 1777 1080 nr.
1793 995 1880 1091 2538.
1933 1000 1973 1071 In
2013 994 2018 1005 ’
2055 1065 2065 1082 ,

97 1177 101 1185 .
141 1114 146 1125 ’
236 1118 314 1201 ,bac
326 1110 488 1195 editione,
514 1112 558 1180 ait
579 1108 761 1201 Fabricius,
788 1125 959 1180 contextus
980 1125 1097 1204 poetae
1120 1106 1293 1179 emendate
1309 1132 1352 1193 ex
1369 1112 1502 1185 Canteri
1526 1108 1687 1197 editione,
1711 1128 1744 1183 et
1765 1108 1851 1206 typis
1864 1098 1973 1174 nitidis

250 1204 291 1313 αρ’
301 1193 479 1315 maioribus
494 1206 670 1313 descriptus
685 1210 802 1285 exslat:
828 1204 997 1285 subiunsla
1010 1204 1084 1283 sunt
1107 1208 1278 1285 adimunt
1300 1216 1456 1313 cuiusque
1479 1218 1618 1312 paginae
1638 1240 1755 1313 graeca
1777 1198 1899 1281 scholia
1917 1203 1972 1278 de·

157 1358 162 1367 ·
247 1320 364 1423 scripta
378 1345 418 1410 ex
433 1316 577 1391 editione
594 1318 729 1389 vittoni
746 1332 778 1386 et
794 1310 834 1385 ad
849 1332 911 1385 tues
928 1319 1047 1414 prImas
1061 1314 1244 1413 tragoedias
1260 1340 1301 1389 ex
1315 1318 1400 1401 MS,
1414 1313 1612 1390 Barocciano
1631 1316 1846 1416 locupletata,
1873 1314 1970 1381 nouit
1998 1344 2006 1355 ’

246 1433 348 1501 etiam
363 1418 493 1499 scholiis
506 1424 631 1521 graecis
645 1416 780 1509 adiedlis
794 1442 837 1489 etr
849 1414 963 1490 codice
982 1420 1057 1489 Its.
1075 1444 1177 1519 quem
1200 1417 1357 1492 Seldenus
1374 1418 1436 1520 ipsi
1457 1418 1613 1493 utendum
1639 1418 1792 1496 dederat,
1822 1410 1971 1486 Arunde·

247 1532 350 1609 liano.
402 1524 545 1625 Singulis
557 1526 686 1623 paginis
701 1549 741 1595 ex
758 1514 902 1611 aduerso·
911 1516 1085 1625 respondet
1098 1548 1211 1595 recens
1224 1524 1331 1596 latina
1338 1518 1484 1623 prosario
1502 1527 1622 1599 Stanlei
1637 1520 1760 1610 versto,
1786 1516 1917 1616 elegans
1931 1540 1970 1588 ac

292 1630 437 1735 rspicnaq
460 1650 533 1701 tum
554 1624 596 1698 ad
616 1625 742 1699 calcem
764 1622 941 1725 voluminis
961 1624 1118 1723 leguntur
1137 1624 1283 1699 eiusdem
1303 1626 1424 1700 Stanlei
1444 1634 1481 1700 in
1504 1633 1605 1703 vitam
1621 1623 1773 1721 Aeschyli
1792 1641 1825 1694 et
1842 1615 1967 1720 septem

237 1664 454 1838 'hragoedtas
470 1752 567 1806 notae
580 1728 748 1819 eruditae,·
768 1748 800 1803 et
813 1754 851 1799 ex
865 1726 1039 1829 deperditis
1052 1722 1207 1822 Aeschyli
1231 1728 1407 1829 tragoediis
1425 1726 1473 1803 *ὓ
1495 1727 1701 1831 fragmenta,
1723 1732 1810 1803 notis
1831 1722 1968 1797 illustra-

235 1837 289 1919 ta.
340 1844 456 1939 Neque
476 1838 594 1909 inhae
617 1831 760 1907 editione
780 1830 1000 1907 desidesantur
1013 1836 1164 1932 priorum
1188 1831 1370 1909 editionum
1386 1830 1623 1933 praefationes,
1645 1835 1813 1915 Turnebi,
1837 1828 1967 1899 Robor-

204 1940 210 1959 ’
245 1945 335 2032 telli,
355 1926 515 2026 Vislorii,
541 1940 690 2012 Canteri:
717 1962 778 2010 nec
791 1942 898 2009 variae
910 1936 1067 2011 sessiones
1083 1937 1122 2007 ab
1137 1934 1253 2010 iisdem
1271 1937 1448 2026 collectae,
1473 1947 1636 2041 nouisque
1660 1966 1701 2012 ex
1721 1934 1835 2010 codice
1848 1933 1965 2003 Baroc·
2093 1978 2097 1985 ι

247 2058 342 2125 ciano
358 2068 391 2123 et
406 2041 631 2119 Arundcliano
646 2043 778 2127 audac,
801 2066 907 2140 neque
922 2043 1058 2113 Henrici
1072 2042 1227 2141 Stephani
1241 2046 1276 2113 in
1290 2036 1492 2135 Aeschylum
1507 2044 1753 2143 castigationem
1777 2032 1832 2111 sed
1850 2056 1882 2109 et
1897 2028 1965 2106 sen·

245 2159 361 2230 tentiae
375 2176 415 2225 ex
429 2136 595 2239 Aeschylo
612 2143 785 2239 collectas,
811 2164 874 2217 eta
891 2145 1031 2217 Canttro
1046 2148 1082 2215 in
1093 2138 1149 2215 sua
1162 2146 1301 2250 Tragici
1322 2143 1482 2232 editione,
1506 2168 1604 2248 atque
1625 2148 1665 2220 ab
1684 2130 1829 2244 Hugq‘tu
1845 2140 1964 2215 Grato
2006 2165 2009 2171 ·

100 2288 104 2297 ·
245 2267 281 2333 in
304 2248 474 2330 Sententiis
496 2254 725 2348 Tragicorum
746 2267 779 2320 et
798 2251 1018 2320 Comicorum
1042 2268 1242 2347 graecorum
1260 2248 1370 2322 latinia
1385 2248 1525 2332 verfibus
1547 2248 1687 2341 redditas
1702 2244 1862 2323 Stanleius
1875 2244 1964 2316 exhi·

132 2440 161 2460 ,Ι
243 2365 325 2435 buit.
377 2356 470 2431 Idem
491 2352 610 2427 dicitur
627 2371 792 2453 praeterea
813 2352 853 2423 ab
869 2366 923 2424 eos
928 2370 1079 2453 tempore
1093 2347 1218 2451 parasse
1240 2340 1456 2452 amplisluiros
1476 2359 1513 2426 in
1529 2350 1730 2447 Aeschylum
1757 2366 1962 2423 commenta·

244 2472 311 2539 rios
327 2461 363 2531 ¹¹)
372 2465 453 2535 odio
469 2456 639 2532 volumina
655 2462 690 2527 in
703 2450 789 2528 solio
802 2453 1028 2555 complentes,
1054 2460 1109 2553 qui
1126 2481 1190 2544 una
1203 2480 1283 2527 cum
1296 2454 1366 2527 aliis
1383 2462 1443 2527 viri
1456 2455 1547 2533 dosii
1570 2456 1697 2532 ineditis
1717 2451 1839 2555 scriptis
1858 2475 1962 2523 manu

118 2588 148 2621 a
234 2572 366 2644 exarati
379 2564 503 2641 exstant
517 2557 605 2662 apud
620 2561 803 2633 Iohannem
815 2562 957 2633 Morum
975 2552 1176 2659 Episcopum
1191 2553 1440 2634 Noruicensem.

344 2712 549 2809 slontextum
570 2757 589 2801 a
615 2724 759 2799 Stanleio
780 2723 997 2814 constitutum
1014 2741 1047 2797 et
1065 2742 1171 2799 totam
1188 2722 1276 2799 Illius
1295 2722 1476 2800 editionem
1497 2731 1625 2827 repetiit
1641 2726 1754 2825 Peto,
1769 2743 1801 2799 et
1816 2718 1961 2796 animad·
1988 2780 1994 2795 .
2038 2706 2047 2727 ’

244 2833 607 2917 verbonibusinslruxit
623 2831 705 2903 benc
717 2826 848 2921 multis,
870 2834 1052 2903 maximam
1066 2848 1195 2929 partem
1209 2834 1343 2918 criticis,
1367 2831 1529 2929 inquibus
1544 2834 1642 2904 metri
1656 2834 1818 2903 rationem
1839 2822 1961 2927 potissi·

200 3016 206 3031 ,
244 2972 341 3019 mum
357 2968 395 3015 ex
421 2941 530 3023 licuit,
553 2933 734 3009 Stanleium
746 2928 870 3031 saePIus
882 2960 979 3007 more
991 2930 1050 3009 suo
1064 2928 1242 3007 refutatum
1257 2939 1334 3022 iuit,
1358 2952 1392 3007 et
1407 2953 1519 3007 tamen
1543 2930 1609 3037 ipse
1633 2961 1696 3033 pro
1721 2952 1770 3005 ter
1787 2930 1959 3007 audaciam

147 3130 154 3141 „
243 3071 341 3149 atque
355 2970 561 3118 inshlentiam
578 3062 747 3135 nugasque
763 3038 878 3109 crebro
891 3041 925 3108 in
939 3036 1081 3110 aliorum
1099 3042 1235 3111 incurrit
1247 3032 1553 3137 reprehensionem,
1579 3026 1680 3111 rarius
1696 2960 1825 3109 lenium
1845 3036 1960 3109 verbo·

242 3180 338 3237 rutn,
361 3148 470 3223 mtilto
484 3149 592 3215 minus
608 3146 740 3212 virtutes
754 3144 871 3213 vitiaue
886 3142 1023 3238 Tragici
1041 3135 1206 3237 exposuit,
1230 3146 1488 3239 nequecutauit,
1512 3160 1547 3213 vt
1562 3132 1818 3215 cbmmentatios
1834 3170 1851 3211 a
1867 3142 1958 3211 Stan-

241 3256 309 3333 leio
330 3254 458 3327 relislos
477 3240 714 3319 nancisceretur
739 3248 773 3315 in
795 3236 954 3342 usumque
977 3261 1199 3316 conuerteret:
1223 3270 1243 3314 e
1266 3247 1433 3315 contrario
1447 3247 1553 3318 Grotii
1574 3248 1797 3332 coniecturas,
1819 3247 1958 3315 nomine
2087 3244 2096 3257 “

243 3366 311 3435 eius
326 3348 513 3457 suppa-elle,
538 3348 580 3421 ad
594 3344 625 3420 se
638 3322 795 3445 rapuisse,
821 3366 853 3419 et
867 3350 955 3418 hisce
969 3345 1147 3419 latrociniis
1162 3340 1277 3433 ferox,
1303 3344 1374 3417 aliis
1388 3350 1705 3447 interpretationibus
1720 3340 1959 3420 contumeliose

240 3456 402 3550 insultasse
424 3450 587 3529 incusatur
607 3480 628 3523 a
647 3444 998 3555 censorqspecimints
1018 3450 1204 3522 Askeviani
1226 3454 1263 3521 in
1280 3452 1386 3523 Nouis
1406 3450 1479 3527 Act.
1499 3444 1583 3549 Lips.
1601 3448 1766 3524 Eruditor.
1785 3472 1957 3548 ¹an.1749.
2072 3480 2089 3523 ὲ

240 3560 344 3643 mens.
358 3572 442 3661 Aug.
463 3584 540 3661 pag.
553 3581 633 3653 490.
947 3632 949 3636 ,
1255 3641 1260 3655 ι

342 3728 489 3825 Aeschyli
509 3720 712 3817 Tragoedias
718 3720 930 3817 superstites,
953 3742 1071 3815 graeco
1091 3723 1125 3791 in
1148 3743 1201 3790 ens
1218 3715 1341 3815 scholia
1359 3731 1392 3788 et
1410 3718 1648 3813 deperditarum
1652 3722 1865 3820 fragmento,
1889 3741 1958 3789 cum

241 3836 380 3933 arestone
393 3832 494 3904 sa'tiao
510 3842 541 3898 tt
555 3828 774 3897 commentario
794 3820 933 3896 Thomna
947 3822 1104 3906 Stansaii,
1125 3834 1156 3894 et
1175 3825 1262 3893 notis
1274 3823 1333 3894 Fr.
1347 3822 1548 3910 Robortessi,
1573 3824 1619 3899 Α.
1643 3826 1803 3911 Tarnasi,
1829 3822 1876 3894 H.
1890 3823 1957 3891 Sta.

232 3944 339 4039 pisani
362 3950 392 4008 at
419 3934 464 4005 G.
482 3932 615 4019 Conseri
622 3984 633 4015 ,
658 3940 788 3999 curante
807 3930 859 4103 go.
879 3926 1027 3999 Cornelio
1053 3915 1092 3998 'de
1111 3928 1216 4011 Puto,
1240 3928 1332 3995 cuius
1351 3940 1446 3997 nutas
1461 3930 1618 4001 eredunt.
1638 3929 1957 4030 HagaeCotnitum,
2097 3996 2101 4005 ,
2126 3962 2135 3991 ι

239 4040 327 4146 apud
343 4046 475 4117 Petrum
488 4026 607 4121 Goffe,
634 4031 794 4105 filium-et
822 4035 923 4105 ocios
949 4050 1036 4122 1745.
1064 4052 1097 4117 4.
1155 4125 1159 4137 Ι
1288 4115 1294 4125 ,

1168 4176 1270 4258 n„
1639 4220 1645 4227 -
1809 4173 2020 4271 nasama.
2108 4222 2122 4241 .

283 4392 331 4468 sas)
352 4389 530 4475 Iniquissima
548 4386 589 4445 eh
608 4378 733 4471 suspicio
752 4382 812 4442 viri
839 4378 937 4451 dosii,
967 4380 1019 4461 qui
1042 4380 1073 4439 in
1124 4372 1245 4453 Angliae
1264 4384 1294 4433 et
1314 4372 1475 4435 Hiberniae
1495 4388 1568 4437 tom.
1582 4380 1620 4438 11
1632 4397 1664 4463 p.
1678 4388 1741 4455 378.
1761 4373 1884 4441 Fascis.
1904 4394 1958 4435 nee
2149 4384 2157 4397 ·

238 4480 420 4570 praeformat
432 4474 468 4537 ad
482 4490 596 4537 tomum
612 4468 756 4529 decimhtn
770 4462 897 4529 thesauri
911 4467 1073 4545 Antiquita·
1124 4484 1184 4523 non
1213 4458 1332 4534 Stanleii
1366 4458 1495 4537 elogium
1524 4460 1664 4545 scriptore
1696 4464 1775 4526 Gne.
1799 4460 1959 4532 Wotsotto,

182 4572 186 4586 ’
238 4587 304 4631 tutn
325 4570 520 4632 Graecarum,
548 4553 705 4618 Stanleiunt
738 4552 774 4612 de
796 4548 966 4631 fragmentis
994 4550 1073 4611 hisce
1106 4546 1205 4631 'quod
1225 4546 1261 4606 ad
1281 4542 1387 4611 calcem
1407 4544 1571 4624 elogiotum
1592 4551 1802 4609 Samnnrthani
1824 4547 1958 4623 vulgauit
2017 4553 2024 4562 “
2051 4608 2056 4617 ,

170 4718 193 4747 Α,
239 4654 329 4740 plagii
343 4657 374 4714 in
388 4648 549 4712 Mbursium
564 4639 704 4702 commissi
717 4641 836 4716 arguite
870 4693 874 4699 ,
1125 4630 1291 4714 Chrisioph.
1305 4636 1376 4707 Aug.
1392 4634 1557 4692 Heumann.
1573 4632 1700 4707 Iscnaci,
1721 4650 1803 4711 1722.
1823 4644 1849 4701 ε.
1880 4634 1957 4693 Ode

1109 4716 1169 4783 ,issi
1191 4715 1295 4778 inediti
1312 4720 1514 4777 commentarii
1535 4720 1673 4788 custoditi
1689 4719 1824 4781 dicuntur
1837 4724 1866 4780 in
1882 4717 1956 4780 Bibl.
1994 4728 2026 4773 ‘.
2081 4745 2084 4751 ¹

164 4890 167 4897 ,
278 4820 314 4899 ID
335 4821 412 4886 Vide
431 4813 539 4885 Stanlei
558 4812 659 4873 vitam*
671 4826 766 4865 nouae
787 4806 911 4867 editioni
925 4806 1075 4885 Historiae
1124 4801 1291 4879 Cambridg.
1314 4800 1374 4861 vid.
1391 4800 1676 4867 [vecteri-Leman
1692 4811 1826 4867 uitomm
1843 4795 1956 4867 doslor.

238 4918 302 4977 eiua
316 4904 535 4987 philosophicae
550 4887 743 4979 praemissam,
756 4892 826 4951 Asta
840 4891 1000 4953 Eruditor.·
1015 4896 1071 4951 An·
1122 4912 1153 4953 v.
1168 4888 1304 4969 Stansey.
1325 4886 1399 4947 adde
1413 4886 1591 4969 estahbsss.
1604 4894 1732 4955 Britann-
1745 4906 1773 4954 et
1786 4894 1957 4967 Hiberniae,

238 5006 271 5065 „t
287 4996 371 5077 ¹702·
390 5016 419 5081 p.
432 4995 483 5065 46.
506 4998 535 5047 et
550 4975 722 5054 eanlosum
743 4976 804 5039 tts.
826 4974 1073 5043 bibliothecarum
1108 4973 1195 5071 bibl.
1209 4971 1377 5051 CambrIda.
1396 4970 1494 5040 Burs.
