4700 5809
243 375 431 479 ,mana-„33
677 365 681 379 '
744 407 747 412 ·
914 349 1287 484 urrrnurronrn
1475 387 1801 508 'narrantur
1905 462 1967 537 291

243 569 314 652 dias.
326 567 479 676 scripsisse
491 576 627 679 dicitur,
654 581 795 686 aequalis
810 591 961 685 Dionysii
978 602 1119 688 tyranni,
1140 601 1364 701 Socraticique
1381 599 1555 684 Aeschinis.
1607 619 1772 696 Incertum
1785 577 1842 716 eli,
1861 635 1962 708 vtriue
2007 606 2024 635 ’κ

241 705 280 752 ex
295 681 345 750 his
362 678 443 770 snat,
469 710 548 784 quas
570 693 605 758 in
621 713 766 764 veterum
786 689 907 794 scriptis
929 688 1077 774 obseruat
1091 703 1159 774 Iob.
1173 703 1353 804 Meurjius:

140 889 142 894 ,
292 807 433 906 ’Ahdrrrt
456 817 585 892 Arillot.
604 823 678 896 Vll.
696 848 728 912 7.
751 830 859 928 Ethic.
875 834 1071 910 Nicomach.
1087 836 1134 940 [p.
1150 858 1216 930 175,
1228 858 1258 925 3.
1283 833 1374 913 cons.
1389 840 1430 914 V
1426 842 1548 921 ultim
1561 823 1665 928 Diatr.
1678 857 1790 964 Eurip,
1804 891 1838 966 P,
1848 891 1889 956 ¹3·
1904 871 1960 967 4,]

290 942 487 1048 Ἀχιλλεύς.
510 958 632 1031 Athen.
654 947 751 1036 'Suid.
1214 963 1220 971 ’
1705 1013 1710 1034 .

289 1089 429 1178 entare
453 1089 587 1166 Arillot.
605 1073 872 1196 cap.13.l’oetr'c.

283 1203 443 1328 Κῦπςιος.
464 1221 609 1320 Hesych.
677 1211 678 1216 ἵ
742 1253 746 1262 “

287 1353 435 1450 Midea.
461 1361 589 1436 Arillot.
607 1365 647 1436 ll.
666 1388 712 1454 23·
728 1368 865 1440 Rhetor.
887 1385 893 1396 '

289 1487 443 1578 orlaa..
469 1497 603 1572 aanor.
619 1502 676 1573 nr.
694 1506 740 1575 ιε.
766 1505 905 1578 mator.
973 1501 985 1512 ·

288 1635 432 1750 Σςμέλη.
456 1637 573 1709 Athen.
590 1627 646 1708 lib.
664 1637 749 1710 Xlll.
767 1663 799 1738 p.
816 1661 884 1734 559.
910 1635 999 1712 Suid.
1021 1643 1066 1738 [v.
1082 1601 1264 1748 Koegebir,
1283 1650 1337 1722 ubi
1356 1648 1420 1728 vid
1434 1669 1550 1733 notam
1562 1657 1687 1738 Kiilleri
1707 1693 1784 1769 pag.
1795 1634 1890 1767 245]¹

286 1759 415 1871 Τηρεύς.
442 1771 532 1843 Stob.
1861 1823 1865 1832 “

1327 1291 1347 1334 Χ

926 1760 929 1773 l

273 1920 276 1926 ’
336 1919 421 1996 Vide
451 1926 586 2027 lilrrtrsti
610 1925 846 2002 bibliothecam
870 1885 1279 2036 Graecamntneamque,
1316 1959 1349 2011 et
1373 1939 1559 2035 Gyraldum
1582 1944 1718 2049 dialogo
1735 1981 1765 2046 7.
1793 1985 1868 2060 pag.
1883 1984 1950 2056 373.

235 2026 438 2117 Leoparu'um
472 2029 527 2100 lib.
554 2033 626 2104 ΧΗ.
646 2027 822 2104 emcndatt.
851 2058 922 2131 cap.
944 2057 990 2108 21.
1033 2035 1195 2136 Volesum
1224 2037 1264 2110 ad
1296 2045 1608 2142 Harpocrationetn.
1661 2056 1749 2150 [roe.
1778 2071 1951 2166 Καρκίνος.

234 2131 419 2226 Mongitor.
440 2137 474 2202 in
495 2132 649 2208 biblioth.
671 2138 795 2220 Sicula,
822 2155 905 2208 tom.
922 2139 946 2209 l.
972 2162 1050 2236 pag.
1064 2161 1128 2212 raa.
1148 2147 1210 2242 ‚qui
1229 2142 1339 2242 plures
1359 2146 1488 2238 laudat,
1512 2154 1654 2230 aliorum
1671 2166 1807 2262 corrigit
1826 2193 1951 2246 errores
2037 2159 2049 2172 ’
2097 2155 2102 2162 .

234 2252 266 2304 et
290 2232 461 2321 adfirmat,
499 2233 667 2309 Certiorem
697 2234 927 2312 Atheniensem
955 2269 1032 2312 cum
1053 2247 1270 2342 Agrigentino
1296 2243 1390 2351 saepe
1413 2249 1593 2345 confirudi,
1621 2266 1769 2360 priorem
1804 2269 1952 2348 claruisse
2048 2257 2053 2265 ’

234 2329 291 2408 sub
311 2339 464 2440 Philippo
482 2338 669 2414 Macedone
689 2343 828 2441 Olymp.
844 2347 884 2415 C.
908 2343 1122 2444 posteriorem
1144 2375 1223 2420 vero
1245 2370 1349 2428 aetate
1363 2356 1515 2450 Dionysri
1535 2366 1692 2453 minoris,
1716 2370 1950 2462 Syracusarum
2089 2400 2092 2404 ’

235 2447 378 2532 tyranni,
402 2441 542 2542 Olymp.
558 2447 644 2516 clx.
661 2471 679 2516 e
692 2445 798 2517 Sicilia
816 2447 950 2546 expulsi.
1003 2454 1128 2522 Contra
1147 2451 1189 2525 V
1183 2451 1274 2544 offitia
1286 2450 1328 2528 de
1342 2461 1449 2532 Poetis
1464 2465 1595 2536 Graecis
1609 2494 1678 2567 cap.
1691 2495 1722 2560 7.
1734 2497 1768 2570 p.
1783 2490 1835 2563 48,
1850 2500 1882 2551 et
1895 2505 1950 2575 49,
2097 2453 2103 2458 ⁸

109 2645 112 2648 Ι
233 2564 337 2642 putat,
353 2543 472 2618 eodem
489 2563 641 2648 tempore
656 2545 888 2638 Atheniensem
904 2570 936 2622 et
951 2557 1204 2650 Agrigentinum
1218 2553 1374 2647 floruisse,
1393 2569 1468 2662 quia
1484 2561 1657 2643 Aeschines
1669 2575 1852 2651 Socraticus
1870 2609 1950 2659 cum

234 2651 377 2726 Carcino
396 2653 613 2747 Agrigentino
638 2649 724 2752 apud
747 2653 944 2747 Dionysium
966 2662 1146 2742 maiorem,
1173 2659 1315 2761 Olymp.
1333 2666 1420 2738 Clll.
1437 2664 1668 2760 decedentem,
1692 2675 1801 2751 vixisse
1812 2680 1970 2778 dicitur3⁸
2082 2704 2088 2709 .

234 2751 314 2842 (vid.
330 2755 508 2848 Diogenem
522 2755 689 2829 Laertimtr
713 2761 750 2830 ll.
766 2752 868 2858 segm.
885 2764 935 2846 63.
959 2760 1010 2831 vbi
1033 2757 1149 2832 dicitur
1170 2767 1319 2860 couritur,
1343 2785 1375 2840 et
1395 2767 1436 2841 ad
1458 2774 1618 2870 Diogenis
1634 2777 1749 2881 lopun
1770 2778 1887 2860 Aldob.
1911 2815 1959 2862 ac-

233 2859 450 2954 Mena'gium‚
485 2884 629 2957 quornm
648 2859 812 2959 posterior
836 2866 999 2962 utriunque
1024 2883 1164 2936 aetatem
1185 2861 1285 2940 refert
1303 2867 1344 2942 ad
1366 2873 1507 2976 Olymp.
1522 2883 1562 2951 C.
1583 2904 1758 2980 praeeunte
1771 2887 1877 2963 said,
1895 2897 1948 2965 im

233 2965 406 3063 th’ttt'ttvfa
429 2957 726 3064 Ἀκραγαντῖνος.)
778 2971 822 3039 At
837 2971 939 3049 enim,
961 2963 984 3036 li
1002 2967 1205 3040 Atheniensis
1218 2974 1245 3042 is
1258 2973 1314 3061 esl,
1339 3001 1400 3048 nec
1414 2976 1513 3065 alins,
1537 3007 1637 3079 quem
1653 2980 1890 3084 sugillanitAri
1917 3021 1950 3066 0.

128 3115 133 3122 .
228 3066 347 3158 phaner
360 3065 447 3138 Nub.
462 3093 490 3136 v.
506 3072 596 3153 1264.
623 3068 689 3156 (vbi
705 3063 769 3139 vid.
786 3067 894 3142 Sclol.
909 3070 1031 3142 Kiiller.
1047 3097 1085 3142 ac
1097 3072 1258 3170 Bergler.)
1273 3098 1305 3148 et
1322 3081 1393 3150 Pac.
1409 3106 1438 3150 v.
1453 3096 1515 3173 782
1528 3078 1598 3186 sqq.
1622 3090 1674 3160 vbi
1698 3112 1730 3162 et
1744 3095 1829 3168 Ran.
1847 3123 1876 3169 tr.
1890 3103 1946 3182 86

232 3174 298 3240 eius
315 3167 399 3243 lilios
417 3172 535 3268 carpit:
562 3170 731 3269 probabile
745 3172 800 3254 fit,
827 3175 861 3242 G
875 3178 997 3243 rrinum
1017 3172 1248 3248 Atheniensem
1268 3183 1334 3251 iam
1353 3202 1428 3254 ante
1441 3183 1580 3287 Olymp.
1596 3193 1635 3265 C.
1659 3187 1785 3269 fabulae
1807 3197 1948 3276 edidisse.
2029 3209 2032 3218 '

232 3270 293 3344 sed
308 3277 379 3359 laic,
405 3299 505 3372 quem
518 3299 595 3344 curn
613 3271 710 3374 ipfius
727 3275 800 3346 siliis
814 3274 1045 3374 Aristophanes
1067 3273 1141 3346 risui
1162 3285 1315 3377 exponit,
1337 3308 1355 3354 a
1379 3279 1595 3386 superioribus
1617 3289 1760 3370 diuersus
1780 3297 1842 3374 else
1862 3302 1948 3377 vide.

148 3397 165 3460 ,ἵ
231 3394 295 3448 tur.
347 3365 468 3454 Saltem
481 3373 594 3449 Suidas
608 3375 649 3450 de
664 3405 723 3464 eo,
749 3398 920 3478 tamquam
939 3380 978 3450 ab
993 3383 1104 3452 ceteris
1117 3377 1286 3468 dillindlo,
1312 3390 1397 3484 agit:
1423 3407 1494 3460 turn
1507 3393 1701 3497 Endocia-p.
1718 3425 1790 3494 apo.
1812 3431 1947 3480 enume·

230 3499 279 3551 rat
300 3499 363 3552 tres
383 3479 557 3566 Carcinos,
582 3485 859 3581 Agrigentinum,
881 3503 912 3554 et
935 3483 1031 3554 alium
1046 3496 1178 3575 portam
1195 3483 1359 3572 Atticum,
1385 3482 1513 3583 (iotha
1532 3498 1587 3567 hic
1610 3490 1690 3591 suit,
1710 3529 1810 3602 quem
1825 3509 1947 3591 Aristo.

228 3589 351 3685 phanes
372 3588 581 3677 exagitauiti)
610 3603 642 3656 et
662 3585 784 3674 alium,
818 3584 987 3660 Theodosii
1006 3585 1133 3674 lilium,
1175 3594 1210 3679 (a
1233 3586 1331 3662 Suida
1362 3617 1496 3668 vocatur
1525 3599 1687 3676 moreni
1713 3608 1766 3678 uel
1790 3611 1946 3688 Xenonis

192 3687 348 3785 '-fllius.)
371 3687 591 3786 Atheniensem
606 3694 787 3786 tragicum
814 3714 957 3789 quorum
978 3687 1147 3789 postremo
1170 3693 1281 3764 tribuit
1300 3690 1467 3785 dramata,
1489 3699 1632 3776 Achilles
1654 3726 1687 3780 et
1709 3711 1840 3802 Semele,
1866 3744 1945 3794 cuna

231 3792 311 3866 aliis.
361 3797 412 3866 De
428 3790 502 3862 liliis
515 3796 600 3871 eius,
627 3818 724 3890 quern
741 3790 837 3864 illusrt
854 3793 1095 3894 Arillophanes,
1112 3791 1173 3866 vid.
1189 3795 1274 3868 insra
1290 3800 1343 3870 in:
1365 3801 1530 3880 Xenocles.
1551 3831 1603 3862 .-.
1619 3811 1804 3888 ggustsagu,
1818 3817 1858 3892 ,d
1876 3825 1946 3893 gri,

228 3895 377 3970 ssotelern
393 3915 425 3967 et
440 3897 612 3966 Barbaricas
625 3893 666 3966 de
681 3889 808 3968 miseria
829 3917 1001 3996 poetarum
1025 3926 1057 3997 p.
1073 3919 1127 4003 44.
1150 3894 1302 3993 tradunt,
1322 3900 1513 3994 Cercinam,
1535 3914 1804 4012 (Agrigentinum
1826 3923 1944 3998 intelli·

228 3989 276 4098 git
293 4003 495 4098 Mongitot·,)
516 4025 619 4097 quum
632 3993 779 4073 sabulatn
792 3997 1023 4080 meditaretur,
1043 3995 1197 4101 serpentis
1210 3997 1324 4075 morsu
1338 4001 1524 4098 adscitum,
1545 4039 1584 4086 ex
1599 4042 1758 4095 venenato
1770 4027 1837 4099 idlu
1853 4024 1941 4100 diem

228 4099 350 4178 obiill'e.
403 4107 506 4176 Porro
516 4103 711 4200 Mongitor.
727 4101 768 4177 de
780 4131 921 4177 nurnero
936 4102 1198 4204 tragoediarum,
1220 4111 1366 4180 Carcinis
1381 4109 1641 4212 adsignatarutn,
1663 4119 1825 4212 disserens,
1848 4106 1942 4229 Agri·
2091 4135 2095 4146 “

227 4211 364 4303 gentino
377 4199 492 4277 adserit
506 4198 732 4304 fragmentum
748 4205 838 4307 apud
847 4206 1037 4282 Diodorum
1051 4207 1210 4300 Siculum,
1225 4230 1258 4282 et
1272 4237 1312 4282 ex
1324 4216 1495 4289 Athenaeo
1509 4223 1565 4290 lll.
1576 4247 1615 4294 ac
1630 4225 1780 4317 Gyraldo
1796 4230 1940 4334 depoet.
1994 4257 1997 4263 ’

227 4307 298 4383 hill.
312 4305 389 4380 dial.
405 4309 477 4381 Vll.
492 4335 525 4407 p.
541 4333 609 4400 272.
637 4312 747 4383 tribuit
768 4315 797 4382 ei
818 4309 1040 4411 tragoediam,
1066 4317 1117 4385 cui
1139 4305 1325 4413 inscriptio:
1353 4321 1388 4388 iar
1398 4319 1510 4413 senar,
1535 4329 1591 4418 qui
1603 4330 1728 4418 pacilus
1749 4356 1865 4425 uxoris
1883 4339 1942 4406 dus
1973 4326 1980 4334 ’

227 4426 323 4494 turm
343 4396 555 4509 prouerbium
572 4437 669 4486 vero:
690 4416 820 4488 Carcini
829 4429 996 4506 pontinia,
1023 4417 1057 4487 h.
1073 4411 1271 4504 e,-0bscura,
1296 4415 1379 4510 (vid.
1394 4424 1522 4495 Suidam
1541 4433 1575 4498 in
1592 4434 1740 4531 Karpeia&
1754 4431 1940 4538 ποιήματα
2072 4511 2075 4519 ,

99 4553 110 4618 .-
226 4541 303 4620 pag.
317 4519 393 4606 246.
408 4531 490 4590 tom.
510 4517 549 4592 ΙΙ.
562 4513 712 4612 tollere)
726 4543 804 4592 etun
822 4515 932 4616 Craffo
948 4524 982 4590 in
996 4517 1080 4594 Hrsi.
1095 4538 1220 4620 poetar.
1234 4545 1340 4617 graec.
1354 4549 1431 4623 pag.
1451 4549 1516 4618 ¹0}
1538 4527 1672 4631 aliisque
1686 4531 1839 4614 refertad
1861 4545 1941 4613 Car·

466 4665 470 4671 ·
558 4650 562 4656 '
987 4683 989 4688 .
1184 4625 1293 4696 Ooa
1590 4650 1596 4658 ⁴

228 4827 336 4909 potest,
358 4826 451 4896 hune,
474 4823 556 4908 eninr
569 4801 667 4881 versut
681 4820 774 4886 adfert
787 4823 954 4900 Diodorus,
967 4807 1059 4888 'suine
1111 4822 1177 4910 dana
1190 4800 1372 4904 Rhegium,
1393 4829 1558 4908 Agathoclir
1570 4842 1687 4906 tyranni
1701 4820 1791 4924 pater.
1805 4845 1846 4906 id.
1861 4851 1938 4913 XIX.
2088 4811 2092 4816 U

227 4912 365 4984 Siculum,
387 4911 526 4992 quoniam
539 4904 591 4966 illa
604 4919 698 4968 aetate
712 4907 796 4970 multi
810 4908 994 4973 Athenienses
1007 4913 1057 4992 diu
1111 4925 1183 4972 torn.
1203 4916 1240 4975 11.
1262 4933 1334 4996 pag.
1350 4921 1400 4986 651
1419 4915 1461 5003 sq.
1494 4924 1652 5006 [ml-'3¹8-
1682 4927 1751 4990 edit,
1771 4929 1937 5016 wgffffinp·

228 4981 660 5066 commorabantur-insinua]
704 4997 769 5054 Fuit
782 5009 810 5056 et
827 4991 973 5060 Carcinus
994 5003 1058 5090 qui-
1109 5001 1192 5072 enirn
1205 5013 1266 5062 not.
1282 5016 1307 5075 5.
1320 4999 1414 5079 vide]
1487 5031 1491 5035 ·
1867 5051 1870 5056 .

1875 4649 1942 4719 cini
2066 4688 2130 4699 ··
