4700 5809
708 439 1067 516 rrrcsroronvu
1095 437 1276 550 cucur
1306 389 1432 556 rru
1493 431 1829 560 nonnemo.
1878 438 1936 532 ni

212 633 263 702 nir
286 577 450 700 accensuit
469 629 542 720 (art.
555 622 675 702 medie.
691 633 831 730 princip.
852 650 937 704 tom.
951 632 976 702 l.
991 655 1066 732 pag.
1080 631 1167 722 193.)
1185 596 1358 732 quemque*
1367 623 1493 730 sequuti
1508 624 1583 703 sunt
1600 628 1776 718 ΟΜΝ
1790 620 1932 721 (eenlirr.
2067 669 2070 676 ·

210 731 281 804 libr.
298 735 462 830 Hippocr.
478 757 512 830 p.
529 734 593 824 52)
607 753 640 807 et
654 729 1092 834 Grintuiar(l·lippolrrater
1108 733 1516 834 kaebmdl.'p.168.
1539 754 1573 808 et
1593 739 1628 805 in
1647 727 1762 806 annot.
1783 725 1935 808 adhunc.
2000 803 2041 842 ,Ι
2180 717 2182 724 ,

94 867 101 876 ’
209 835 280 910 libr.
295 835 384 907 Baud
399 839 440 906 ll.
453 861 485 934 p.
502 837 607 930 496.)
618 851 727 910 nemo
741 864 881 918 eorum,
907 843 963 936 qui
980 841 1193 936 Hippocratis
1208 825 1309 939 libror
1326 835 1558 924 diiudicatum,
1584 839 1736 938 genuiuie
1759 829 1932 924 aecensuir.

209 939 393 1012 lirnium
404 934 538 1038 (expos.
553 965 627 1015 roc.
640 945 745 1050 Hipp.
760 967 795 1043 p.
812 967 860 1015 aa.
875 939 951 1014 edit.
965 942 1098 1030 Franz.)
1110 963 1287 1040 utrumque
1307 968 1375 1014 non
1402 937 1612 1042 Hippocratis
1636 937 1702 1012 else
1720 932 1866 1034 expresse
1881 934 1931 1010 di·
2076 961 2080 968 ·

208 1047 266 1116 eit.
318 1039 452 1116 Possunt
466 1052 578 1117 tamen
591 1065 626 1117 et
641 1043 741 1118 verba
754 1049 851 1116 diune
914 1035 1080 1146 οῤῥηηκδν
1095 1037 1124 1121 α’
1136 1077 1195 1142 trau
1208 1037 1250 1134 β’
1263 1043 1307 1123 oia·
1321 1039 1364 1126 titt
1382 1053 1450 1129 sert
1463 1035 1713 1150 Ἱπποκράτη,
1739 1033 1925 1120 bimae

207 1137 374 1249 δόξομὲν,
395 1151 439 1220 ita
455 1172 592 1249 quoque
605 1147 764 1247 intelligi,
785 1167 821 1220 vt
834 1073 1053 1248 pdderimem
1066 1147 1225 1224 duntaxat
1237 1145 1450 1248 'Hippocratis
1468 1147 1530 1224 esse
1543 1171 1652 1248 aeger.
1701 1143 1849 1218 Eosdem
1864 1147 1929 1232 boa

208 1251 310 1326 libror
322 1255 487 1350 genuinos
500 1276 571 1324 non
584 1233 667 1338 else,
691 1245 780 1326 seda
796 1250 991 1350 quibusdam
1003 1255 1174 1332 Draconi,
1201 1257 1411 1352 Hippocratis
1428 1253 1518 1342 filio,
1540 1281 1561 1326 a
1582 1247 1776 1354 quibusdam
1787 1243 1928 1334 Thelia,
2007 1295 2009 1302 ι
2108 1250 2113 1258 “

207 1355 244 1430 lo
258 1350 412 1442 adscribi,
437 1355 603 1454 Galenua,
625 1374 659 1427 et
670 1379 742 1429 uon
755 1381 825 1428 vno
839 1353 975 1454 quidem
986 1355 1069 1430 loco
1086 1356 1244 1444 (Corum.
1270 1360 1304 1429 in
1318 1359 1344 1427 l.
1364 1357 1519 1456 praedidl.
1533 1357 1575 1432 ll.
1596 1377 1671 1428 text.
1688 1379 1738 1448 5²·
1762 1377 1836 1450 pag.
1850 1355 1926 1442 ⁷3⁶·
2006 1418 2009 1426 .

207 1477 292 1560 tom,
308 1459 402 1557 vm,
412 1476 446 1530 et
458 1462 596 1532 Corum.
614 1461 649 1530 in
662 1461 688 1532 l.
704 1455 858 1556 praedidl.
872 1467 899 1533 l.
914 1480 993 1536 text.
1008 1483 1041 1550 4
1055 1465 1182 1557 prono
1209 1479 1288 1533 text.
1304 1483 1345 1551 ις.
1369 1487 1399 1560 p.
1416 1487 1480 1550 7¹1·
1503 1479 1589 1535 tom.
1603 1461 1695 1533 Vlll.
1718 1457 1848 1548 Chart.)
1868 1449 1927 1558 ad,

206 1557 292 1634 serit.
343 1567 385 1632 Et
399 1559 535 1660 quidem
549 1564 611 1635 bor
623 1559 726 1634 libror
740 1559 902 1636 conflator
919 1557 981 1636 else
999 1581 1108 1662 putat,
1133 1559 1243 1634 multia
1260 1583 1369 1636 tamen
1382 1561 1468 1638 fallit
1483 1557 1697 1660 interspersis,
1719 1586 1761 1633 ex
1774 1581 1925 1656 progno-

81 1715 86 1722 -
206 1661 300 1750 ilico,
324 1659 518 1760 aphorismi·
534 1676 566 1739 'et
577 1663 819 1764 cpidemiorum
833 1664 935 1740 libris.
951 1669 1106 1763 (Comm.
1119 1668 1145 1736 l.
1163 1672 1199 1756 in
1213 1668 1266 1738 lll.
1284 1671 1446 1766 Hippocr.
1462 1667 1547 1766 epid.
1565 1685 1642 1760 ext.
1656 1691 1710 1760 29·
1723 1689 1755 1762 p.
1765 1675 1832 1752 aar}
1847 1673 1921 1746 228·

128 1833 132 1840 ,
204 1787 289 1840 tom,
308 1767 512 1860 lichni.)
559 1772 664 1842 Hunc
679 1790 790 1848 tamen
804 1769 926 1844 librum
941 1766 1012 1864 (seu
1034 1772 1229 1868 potius'bor
1253 1769 1641 1872 librosyprnedidliuum,
1662 1793 1760 1866 quern
1783 1773 1923 1868 προῤῥη.

205 1865 297 1952 emir
312 1867 489 1969 adpellauit
503 1873 746 1972 Hippocrates,
770 1875 899 1947 Caeliae
912 1872 1112 1945 Aurelianus
1127 1874 1268 1965 (acutor.
1282 1877 1429 1956 morbor,
1442 1877 1519 1950 libr.
1533 1881 1559 1946 1.
1572 1899 1643 1974 cap.
1662 1897 1709 1951 ra.
1722 1893 1878 1970 pag.·39.r
1887 1882 1922 1940 et
2033 1871 2038 1888 ’

203 1975 278 2065 libr.
289 1975 349 2047 lll.
361 1995 496 2090 acutor,
503 2000 574 2075 cap
590 2001 634 2072 ¹5·
646 2001 681 2076 p.
695 1979 784 2068 οη.)
803 2001 864 2050 ceu
885 2002 958 2050 vere
977 1979 1257 2076 Hippocraticum
1269 1983 1363 2062 citat.

305 2126 421 2202 Libros
437 2129 501 2199 hot
515 2128 679 2202 babetaut
690 2138 756 2227 pro
773 2127 910 2204 talrbur,
936 2133 970 2202 in
984 2129 1100 2304 puibus
1115 2153 1172 2200 aur
1186 2135 1351 2226 germanie
1369 2124 1475 2229 spuria
1492 2127 1667 2202 intermilla
1688 2123 1751 2198 lint
1764 2125 1920 2223 plurima,

38 2264 59 2282 e
168 2279 177 2292 ·
203 2249 258 2304 aut
268 2256 331 2330 pro
345 2231 434 2302 lubrie
452 2229 622 2328 apelletis
639 2235 848 2331 Hippocratis
863 2227 985 2332 discipu
1001 2237 1071 2306 isue
1090 2231 1182 2305 editia
1202 2251 1243 2304 et¹
1259 2253 1408 2332 tempore
1430 2235 1696 2306 Ptolemaeorum
1711 2225 1773 2302 sub
1787 2232 1917 2326 Hippo·
1934 2235 1938 2245 '

51 2371 65 2407 a
204 2337 300 2410 cratia
312 2330 408 2408 titulo
418 2333 569 2418 venditit,
583 2335 804 2433 ffinmynrer
816 2337 1031 2422 Mmturiniir,
1055 2329 1198 2431 (censor.
1213 2361 1304 2434 oper.
1320 2341 1481 2437 Hippocr.
1497 2365 1574 2438 pag.
1587 2363 1635 2430 ²7·
1651 2333 1817 2425 editlcit.)
1831 2355 1916 2428 quo·
1968 2338 1973 2352 '

202 2465 277 2512 rum
302 2455 412 2519 tamen
431 2440 577 2512 auctores
598 2438 742 2535 plurima
759 2465 836 2511 vera
854 2441 897 2512 ab
913 2437 1131 2538 aphorismis,
1160 2439 1377 2538 proguollico
1408 2432 1442 2513 er
1468 2441 1658 2540 epidcmieie
1681 2439 1916 2509 mutnauerinr.¹
2072 2457 2077 2468 ’

75 2563 82 2572 “
202 2540 366 2633 Luaostus
386 2546 422 2612 in
444 2540 569 2613 iudicio
588 2539 649 2613 suo
666 2543 708 2614 de
725 2544 779 2614 bie
795 2541 885 2614 libria
901 2544 1000 2640 plane
1018 2541 1181 2615 Galerium
1201 2539 1355 2641 sequitur.
1378 2540 1495 2638 (indic.
1512 2569 1603 2642 oper.
1619 2545 1733 2638 magni
1750 2544 1916 2636 Hippocr.

203 2671 272 2742 cap.
287 2645 345 2718 lls.
361 2639 507 2735 l01434.)
553 2644 685 2746 roessas
697 2649 844 2742 primum
858 2641 1064 2744 alterumque
1081 2643 1202 2716 librum
1220 2645 1261 2716 ad
1274 2639 1515 2744 Hippocratem
1538 2640 1657 2732 refert,
1679 2639 1795 2728 illum,
1818 2635 1914 2737 quod

201 2751 413 2845 Hippocratis
430 2741 655 2832 maiestatem,
669 2747 795 2836 verbit,
816 2741 1004 2836 sententiis,
1023 2745 1112 2832 stilo,
1134 2749 1304 2837 breuitate,
1326 2749 1468 2840 relietur,
1491 2753 1597 2836 bunc,
1614 2743 1707 2846 quod
1725 2745 1834 2842 Celsius
1846 2747 1919 2817 iana

200 2848 361 2951 plurimae
380 2875 419 2923 ex
433 2875 475 2923 eo
488 2846 660 2926 sententiar
670 2850 784 2929 latinae
796 2844 918 2929 secem.
941 2847 1094 2952 (praefat
1110 2851 1151 2924 ad
1168 2849 1325 2950 praedici.
1341 2851 1392 2926 lib
1410 2856 1437 2928 Ι.
1448 2920 1451 2933 ,
1461 2857 1562 2954 Oper.
1575 2849 1652 2926 sedi
1667 2855 1710 2924 11.
1730 2874 1763 2949 p,
1779 2872 1830 2942 43.
1842 2849 1915 2940 44.)

163 2967 173 2974 “
199 2954 383 3031 Ausiorem
398 2972 508 3028 tamen
522 2959 687 3057 vtriutque
699 2954 772 3029 libri
785 2951 1020 3030 eumdcm'ell'e
1033 2981 1106 3029 non
1121 2951 1234 3056 poll'e,
1258 2953 1403 3056 expresse
1419 2953 1525 3044 dieii,
1751 3017 1752 3020 ,
1843 2978 1845 2984 ’

274 3217 283 3228 ,
301 3105 450 3200 Primum
468 3102 591 3201 librum
613 3123 670 3200 etli
692 3123 822 3200 Foeiiue
845 3153 921 3200 cum
942 3125 1069 3200 Galerio
1089 3130 1188 3202 etiam
1208 3129 1369 3224 Draconi,
1385 3139 1389 3145 '
1403 3129 1455 3204 rel
1476 3123 1637 3202 Thell'alo
1654 3120 1789 3199 adscribi
1795 3115 1917 3219 ‘poll‘c,.

200 3255 271 3304 uon
292 3247 400 3303 tamen
421 3229 565 3304 alienum
587 3229 629 3302 ab
647 3233 850 3330 Hippocrate
869 3228 932 3304 esse
951 3250 1063 3328 putate
1096 3255 1160 3328 pro
1184 3257 1261 3303 vere
1281 3235 1510 3334 Hippocraten
1529 3233 1647 3304 habere
1670 3229 1774 3300 multa
1794 3221 1916 3298 vetanti
1953 3237 1956 3244 ’

174 3353 177 3358 “
199 3333 312 3408 Multa
327 3339 362 3406 in
376 3359 420 3406 eo
433 3329 570 3409 obscura
582 3331 665 3420 esse,
686 3339 796 3406 nribus
811 3318 906 3406 lirina
922 3337 1053 3420 omnia,
1075 3330 1234 3405 diffimilir
1247 3343 1375 3433 generis
1398 3331 1622 3432 symptomata
1646 3347 1857 3424 coaceruata,
1871 3325 1911 3395 li·
1957 3345 1967 3370 ¹

199 3432 359 3536 brumque
379 3435 465 3510 adeo
480 3433 589 3540 ipsum
610 3433 833 3538 compositum
854 3432 916 3511 elie
932 3433 1068 3542 quidem
1091 3433 1273 3524 amedico,
1297 3435 1413 3512 verum
1427 3457 1542 3510 artent
1562 3435 1689 3510 scientia
1704 3435 1912 3528 Hippocraie

49 3613 58 3624 ,
198 3539 301 3643 longe
324 3535 504 3632 inferiore,
524 3546 591 3614 iam
612 3539 755 3616 Galenus
778 3547 924 3629 notauit,
954 3543 1012 3641 qui
1032 3560 1143 3642 tamen
1160 3543 1251 3613 hunc
1276 3539 1398 3616 librum
1420 3541 1575 3642 peculiari
1598 3537 1842 3612 commentario
1861 3537 1910 3603 in·

200 3643 326 3720 iiruxit.
346 3649 404 3740 (ll.
418 3651 560 3720 Comm.
578 3650 615 3719 in
635 3647 660 3722 l.
680 3647 843 3744 prorrbet
867 3647 1028 3742 Hippocr.
1050 3662 1125 3718 text.
1142 3650 1196 3734 36.
1212 3671 1289 3746 pag.
1303 3671 1376 3738 724.
1398 3664 1483 3718 tom.
1496 3647 1585 3718 Vlll.
1606 3663 1640 3716 et
1656 3645 1699 3716 ll.
1712 3645 1852 3712 Corum.
1871 3639 1909 3707 in
1939 3741 1946 3748 .
2026 3649 2031 3656 '
2069 3652 2073 3658 '

165 3745 171 3762 '
200 3747 315 3824 eumd.
327 3749 403 3823 libr.
414 3772 493 3824 text.
507 3774 556 3842 52.
567 3775 600 3849 p.
613 3757 687 3839 ³136.
700 3771 786 3822 tom.
803 3749 894 3822 Vlll.
908 3747 1040 3837 chan.)
1091 3752 1134 3820 Et
1152 3747 1287 3846 quidem
1302 3754 1409 3844 uaria,
1432 3754 1571 3848 quaein
1591 3739 1665 3846 ipso
1683 3744 1770 3818 libro
1781 3739 1910 3838 ‚legun-

200 3872 270 3939 tur,
301 3852 463 3949 probant,
493 3878 571 3925 eum
589 3875 643 3925 aut
662 3848 884 3950 compositum
903 3847 965 3924 else
983 3851 1023 3922 ab
1045 3853 1270 3950 Hippocrate,
1292 3861 1407 3926 uerum
1421 3851 1604 3952 plurimum
1617 3849 1853 3923 exercitationis
1872 3847 1917 3934 inl
2000 3875 2003 3882 ·

200 3949 464 4027 obseruationum
487 3977 557 4028 arte
575 3951 729 4029 noudum
748 3953 906 4042 habente,
927 3974 981 4027 aut
999 3955 1040 4025 ab
1054 3955 1122 4026 alio
1142 3952 1287 4030 medico.
1333 3951 1405 4056 lpse
1425 3953 1703 4029 adeoGrimmius
1727 3949 1909 4054 (Hippolr.
1970 4011 1974 4018 .

199 4058 327 4134 Werke
339 4060 380 4130 ll.
395 4056 482 4129 Baud
499 4085 528 4156 p.
547 4065 631 4150 568.)
648 4082 752 4158 putat,
776 4062 867 4131 huuc
879 4058 1000 4136 librum
1015 4053 1056 4130 ad
1069 4061 1132 4131 bor
1143 4055 1349 4158 pertinuisse,
1373 4060 1487 4160 quibus
1507 4066 1541 4132 in
1554 4051 1731 4156 Aesculapii
1749 4057 1815 4128 Coi
1827 4049 1915 4124 te'ntss
2064 4059 2067 4064 “
2195 4165 2199 4180 Ι

199 4162 259 4258 plo
274 4154 434 4233 asseruatit
452 4167 670 4260 Hippocrates
688 4157 758 4260 vius
772 4157 890 4239 lucrat.
939 4166 1069 4234 Etenim
1084 4164 1277 4262 generaliter
1288 4169 1320 4234 in
1336 4163 1493 4264 plerirque
1507 4183 1559 4235 aut
1573 4168 1607 4234 in
1622 4159 1776 4234 omnibus
1796 4179 1910 4256 aegro·

199 4263 337 4349 rantibus
352 4293 426 4338 vera
439 4261 618 4369 praesagia,
643 4291 727 4369 quae
751 4267 786 4336 in
809 4264 878 4338 aliis
899 4264 986 4338 libria
1000 4256 1221 4363 Hippocrates
1234 4263 1423 4365 proposuit,
1448 4292 1660 4366 quorumque
1672 4265 1781 4346 initia,
1807 4279 1839 4328 vt
1857 4251 1907 4328 su·

198 4395 255 4466 pri
270 4370 336 4449 lam
348 4367 512 4449 ducimur,
536 4376 573 4440 iu
589 4365 661 4467 ipsu
677 4371 702 4438 l.
717 4389 749 4461 et
765 4369 818 4440 lll·
835 4357 1011 4469 inrdnprb‘v
1025 4369 1113 4442 libris
1129 4366 1234 4453 dedit,
1257 4375 1293 4440 in
1307 4371 1370 4442 hoc
1386 4368 1472 4442 libro
1482 4395 1553 4442 ‘non
1569 4367 1740 4465 leguntur,
1766 4358 1821 4434 sed
1835 4370 1908 4458 par·

197 4471 374 4544 ticulariter
388 4499 485 4561 vera,
507 4493 540 4546 et
553 4479 589 4545 iu
604 4466 798 4572 quibusdam
820 4491 950 4544 tantum
968 4475 1072 4570 aegris
1090 4467 1284 4564 euenientia.
1331 4467 1431 4570 Qud
1452 4469 1521 4570 ipse
1535 4473 1654 4544 audior
1672 4461 1799 4540 scufille
1819 4459 1907 4533 vide·

196 4594 268 4664 tur,
294 4579 350 4675 qui
363 4580 503 4650 nomina
511 4576 718 4676 ”aegrorum‚
739 4579 775 4644 in
798 4575 925 4673 quibui,
942 4600 1025 4670 quae
1043 4568 1184 4672 scripsit,
1208 4567 1346 4670 euenisse
1366 4569 1466 4663 vidit,
1488 4570 1753 4664 Thrasynonris,
1787 4570 1906 4638 brebe·

196 4673 497 4770 cratis,·Dysodia,·
521 4683 717 4778 Hermippi,
737 4675 1058 4768 DidymarchiCoi,
1081 4672 1205 4773 Aspafii
1217 4675 1300 4764 lilii,
1320 4672 1566 4770 Thrasynontis
1578 4671 1803 4772 consobrinae,
1814 4673 1908 4766 ,Dor-

194 4781 299 4869 cndu,
325 4809 411 4884 quae
428 4788 567 4857 nomina
589 4807 660 4854 non
679 4781 764 4856 libro
783 4787 986 4856 conueniunt
1006 4775 1200 4867 semiotico,
1224 4785 1259 4852 in
1281 4780 1425 4852 aliorum
1447 4776 1540 4852 usum
1561 4774 1698 4879 scripto,
1721 4771 1774 4850 sed
1796 4777 1905 4876 potine

194 4879 435 4990 ὑπομνήματι,
460 4912 532 4986 quo
551 4881 586 4960 se
603 4880 712 4986 ipsum
729 4887 847 4958 audior
862 4909 1001 4958 monere
1018 4881 1144 4965 voluit,
1166 4885 1258 4984 quod
1282 4905 1315 4956 et
1331 4884 1476 4964 Galenus
1498 4889 1625 4957 notauit
1643 4883 1782 4956 Cotum.
1796 4883 1822 4948 l.
1833 4885 1867 4949 iu
1878 4881 1906 4949 l.

126 5072 130 5078 ,
193 4995 357 5092 prorrbeu
372 5009 450 5068 text.
466 5005 549 5096 tp.
562 4993 642 5084 706.
656 5007 742 5062 torn.
750 4989 840 5079 vul
853 4991 988 5078 Chare,
998 4983 1166 5091 adposuit,
1189 5007 1221 5063 et
1234 5012 1306 5086 non
1320 5008 1399 5066 raro
1409 5014 1452 5062 ex
1463 4991 1694 5090 particulariter
1708 4990 1790 5059 veria
1807 4985 1906 5079 phae-

1033 5146 1037 5152 .
1750 5111 1907 5162 nonnemo
1968 5112 1970 5120 ·
