4700 5809
774 402 840 553 ar
868 454 1162 536 rnrrronnvs
1194 399 1441 537 sornociis
1515 463 1590 538 tn.
1604 464 1861 577 11111111.ι
1918 419 2015 562 3„st

256 664 327 749 quo‘
345 642 485 733 codice,
512 646 615 745 Soph.
639 641 828 743 tragoediae
849 640 900 717 fex
923 670 1001 719 cunr
1030 642 1252 745 expufitione,
1282 668 1364 749 trag.
1386 660 1468 753 tres,
1500 654 1600 741 Aiax,
1631 655 1779 738 Electra,
1808 655 1980 761 Oedipu„

198 746 201 763 .
252 778 283 852 p,
298 779 329 844 7,
345 756 444 840 Aiax,
472 756 550 827 item
567 754 649 823 Aiax
663 770 695 821 et
708 748 838 823 Elcdlra
854 776 932 825 curn
953 746 1098 823 scholiis:
1125 778 1159 851 p.
1173 775 1224 841 34.
1242 778 1292 823 nr.
1308 754 1384 847 962.
1400 756 1582 855 Sophocles
1594 758 1730 831 mutilus
1745 788 1823 834 curn
1844 766 1993 861 quibus,

250 854 327 929 dam
342 855 598 931 interlinearibus
614 854 894 953 explicationibus.
921 896 972 913 -
1001 856 1040 929 lu
1055 852 1202 931 biblioth}
1221 853 1382 953 Ctiggn,
1407 860 1545 941 Romae,
1571 888 1603 959 p.
1619 887 1681 955 175·
1698 869 1735 933 A.
1756 867 1922 957 sophon..
1940 889 1972 944 e,
2013 852 2020 861 «

169 1024 172 1029 ,
250 958 414 1037 Nicander
428 987 506 1033 curn
526 954 657 1031 scholiis
672 962 705 1028 in
720 956 795 1031 cod.
811 962 942 1031 recenti.
967 997 1017 1013 -
1043 959 1080 1029 ln
1095 957 1170 1031 bibl.
1188 958 1344 1035 ottobon.
1359 965 1496 1048 Romae,
1518 992 1549 1065 p,
1567 980 1635 1053 187.
1652 966 1892 1066 Sophocl'non
1915 1000 1971 1045 an.
2030 955 2044 1027 ἶ

250 1070 356 1167 tiquus
370 1062 446 1137 cod.
473 1100 525 1119 -
550 1068 588 1135 ln
605 1061 681 1134 bibl.
698 1060 914 1156 Neapolitana
928 1064 958 1134 S.
976 1064 1105 1159 loannis
1121 1059 1162 1135 de
1176 1063 1366 1137 Carbonara
1382 1067 1550 1163 hugulliu,
1567 1094 1642 1167 pag.
1656 1091 1720 1152 231.
1737 1064 1776 1142 ll.
1795 1054 1969 1169 Sophoclis

248 1190 332 1268 trag.
347 1166 420 1241 cod.
434 1168 622 1261 bombycin.
645 1160 725 1255 saec,
738 1165 826 1239 XIV.
862 1204 914 1221 -
945 1166 1149 1251 Florentiae,
1177 1171 1213 1237 in
1235 1166 1312 1241 bibl.
1328 1170 1522 1243 Monallen‘i
1544 1169 1828 1247 Benedissinorum
1841 1178 1878 1249 B.
1893 1175 1976 1251 Ma..

246 1278 330 1361 riae,
357 1302 388 1372 p.
404 1278 475 1362 416.
494 1276 529 1343 Ε.
555 1270 663 1371 plures
692 1266 790 1341 codd.
810 1272 873 1369 'qui
894 1274 1065 1341 continent
1082 1270 1311 1367 Tragicorum
1333 1276 1433 1344 trium
1455 1272 1655 1372 tragoedias:
1682 1282 1716 1347 in
1739 1280 1789 1350 his
1812 1259 1893 1351 unns
1918 1308 1967 1355 re.
2029 1338 2038 1350 ,

247 1373 401 1479 scriptus,
426 1382 460 1449 in
476 1403 544 1477 quo
558 1369 754 1473 descriptum
767 1370 850 1445 olim
866 1392 935 1444 erat
949 1392 1038 1445 vetus
1058 1370 1288 1445 testamentum
1309 1378 1496 1451 charactere
1517 1375 1638 1459 vnciali¹
1655 1406 1673 1449 a
1696 1374 1827 1454 sacculis
1844 1388 1968 1459 circiter
2082 1397 2086 1404 '

246 1479 442 1557 duodecim:
469 1506 604 1566 verum,
631 1474 742 1553 deletis
755 1502 859 1575 paene
873 1478 1055 1575 prioribus,
1080 1470 1577 1555 subllitutussaec.X11.corum
1596 1480 1674 1555 loco
1693 1485 1876 1584 Sophocles
1894 1484 1966 1562 suit.
2089 1518 2094 1531 ¹

238 1627 296 1643 ---
318 1590 370 1659 De
394 1581 491 1657 codd.
510 1582 584 1655 bibl.
608 1584 841 1661 Laurentianae
864 1578 980 1655 medic.
1003 1578 1115 1679 pollen
1146 1606 1300 1679 agemus:
1330 1587 1375 1655 vti
1397 1611 1530 1685 qnoque
1549 1582 1591 1657 de
1614 1582 1710 1659 codd.
1732 1588 1806 1661 bibl.
1823 1594 1967 1666 Venetae
1998 1663 2003 1671 ,

149 1693 153 1703 ,
243 1692 284 1761 Ι),
300 1691 418 1761 Marci.
445 1727 495 1743 -
523 1686 564 1761 V
562 1688 670 1769 enetiis
684 1691 716 1755 in
729 1682 806 1760 bibl.
826 1684 1005 1767 Grinario,
1029 1688 1130 1754 trium
1145 1690 1348 1783 tragicorum
1362 1685 1461 1760 codd.
1477 1716 1509 1789 p,
1525 1702 1601 1778 478,
1619 1692 1661 1761 1),
1695 1728 1746 1747 ..
1769 1692 1973 1770 mmmm:
2060 1698 2066 1713 .

242 1788 361 1869 Museo
376 1782 564 1879 Saibantac,
593 1818 625 1891 p.
640 1814 717 1883 490.
734 1790 773 1861 E.
788 1814 828 1860 cx
843 1786 1012 1887 Sophocle
1023 1804 1055 1858 et
1068 1784 1207 1860 Pindaro
1223 1788 1397 1888 quaedam.
1419 1830 1470 1847 -
1491 1788 1675 1865 Mediolani
1687 1796 1721 1863 in
1733 1794 1807 1867 bibl.
1820 1784 1966 1872 hmbro-
1987 1781 2003 1819 ⁸

206 1950 209 1955 -
244 1894 349 1983 linia,
372 1925 403 1996 p
420 1920 491 1991 504.
508 1900 546 1970 C.
561 1890 736 1995 Sophoclis
751 1888 954 1989 tragoediae,
979 1890 1153 1963 volumina
1168 1894 1241 1963 Vll.
1256 1914 1335 1993 etp.
1348 1918 1418 1989 529.
1433 1897 1474 1968 E.
1500 1897 1605 1997 Soph.
1618 1892 1717 1970 codd.
1733 1900 1774 1970 ll.
1795 1899 1965 1997 bombyci.

244 2006 297 2091 ui,
322 1996 403 2075 saec.
418 2004 504 2100 xlv.
521 2018 553 2072 et
571 2026 603 2101 p.
617 2020 686 2091 530.
708 1994 818 2093 plures
836 2001 935 2067 trium
950 1996 1177 2095 Tragicotum
1195 1992 1291 2071 codd.
1969 1993 1972 2001 “

340 2174 380 2243 In
396 2166 591 2241 bibliotheca
610 2166 735 2241 Veneta
748 2166 790 2236 D.
804 2166 911 2236 Marci
926 2154 1018 2253 sunt,
1043 2160 1122 2235 telle
1133 2160 1299 2261 Catalogo
1312 2159 1403 2236 illius
1418 2160 1494 2235 bibl.
1510 2188 1646 2262 graecae
1660 2166 1875 2251 MSStorum,
1889 2195 1965 2272 pag.
2058 2212 2064 2221 -
2169 2171 2175 2199 ‘

244 2296 303 2365 ²⁴:
319 2267 361 2374 sq.
378 2268 454 2347 cod.
472 2272 724 2345 CCCCLXVll.
737 2271 771 2338 in
786 2282 816 2352 8.
832 2272 887 2367 qui
903 2270 1048 2339 continet
1061 2270 1133 2340 Vll.
1148 2284 1230 2367 trag.
1244 2286 1277 2338 et
1299 2263 1373 2339 cod.
1389 2266 1660 2342 CCCCLXVlll.
1683 2274 1718 2341 in
1738 2264 1800 2343 sol.
1820 2272 1951 2347 casdem
2077 2335 2082 2343 .

242 2380 307 2453 alio
326 2393 450 2450 ‘tamen'
483 2373 617 2462 ordine,
646 2400 724 2446 cum
745 2365 932 2463 heschyleis
955 2388 987 2441 et
1008 2367 1191 2471 Euripideis
1210 2370 1327 2461 habet:
1349 2376 1471 2470 pariter
1514 2398 1565 2471 ag.
1582 2398 1658 2466 249.
1681 2370 1755 2446 cod.
1779 2336 1964 2451 membrars
2059 2374 2065 2379 ’

201 2516 207 2529 ·
244 2484 464 2556 CCCGLXX.
481 2474 542 2551 fol.
561 2484 678 2576 inquo
695 2482 729 2546 in
746 2480 899 2561 Aiacem,
921 2472 1088 2547 Elediram
1110 2494 1140 2545 et
1160 2471 1329 2571 Oedipum
1354 2492 1416 2566 tyr.
1441 2397 1566 2569 callent
1588 2471 1713 2548 scholia
1733 2476 1871 2553 Tisaeae
1887 2482 1963 2551 Me·
1991 2496 1998 2507 '
2085 2488 2092 2504 ’

238 2584 335 2685 gistri
355 2606 388 2659 et
408 2586 502 2656 Mon.
519 2570 740 2681 Moschopieli:
765 2583 877 2649 ceteris
901 2574 1123 2673 adpiuguniur
1145 2596 1297 2676 excerpta
1324 2602 1364 2647 ex
1387 2572 1518 2650 scholiis
1541 2583 1696 2678 antiquis:
1722 2578 1895 2678 praemissa
1915 2584 1964 2657 esi

241 2694 343 2791 Soph.
361 2693 444 2775 vita,
470 2713 557 2789 quae,
573 2691 686 2785 incipit
704 2682 885 2781 Σοφοκλῆς
908 2675 950 2759 ri
971 2681 1030 2778 nia
1049 2682 1145 2777 γένος
1164 2672 1200 2770 ἦν
1219 2676 1416 2769 'Admatha
1440 2672 1507 2759 uiis
1520 2670 1554 2759 dd
1570 2685 1706 2781 Σοφίλε
1718 2704 1779 2756 etc.
1806 2724 1855 2743 ·-
1881 2712 1959 2787 pag.
1998 2726 2002 2734 ·

241 2821 312 2887 277.
327 2792 401 2866 cod.
418 2792 518 2863 chart.
534 2792 657 2863 DXlV.
674 2803 703 2872 8,
718 2807 845 2887 praeter
858 2784 919 2856 alia
934 2785 1066 2883 praebet
1079 2790 1215 2885 Ajacem
1235 2810 1313 2855 cum
1336 2779 1468 2859 scholiis
1489 2782 1648 2886 aliquibus
1661 2786 1835 2887 marginal.
1860 2810 1893 2863 et
1914 2796 1961 2863 in·

239 2896 468 2972 terlinearibus.
493 2932 543 2949 -
569 2920 643 2994 pag.
660 2916 724 2980 314.
746 2896 779 2961 in
794 2886 867 2961 cod.
881 2892 1017 2961 DCXV.
1030 2892 1064 2958 in
1079 2913 1109 2976 4.
1133 2890 1234 2959 chart.
1250 2892 1456 2989 reperiuntur
1472 2893 1551 2960 hiax
1573 2909 1604 2962 et
1620 2888 1839 2969 Eledlracum
1858 2886 1960 2969 schol.
1997 2888 2000 2894 ¹
2029 2896 2032 2901 ’
2180 2937 2184 2945 ·

238 3008 380 3101 margin.
396 2996 670 3071 etinterlinscurn
686 3001 750 3067 vita
764 2996 865 3093 Soph.
881 3013 954 3063 tunt
969 2997 1002 3062 in
1020 2989 1255 3064 codDCXVl.
1271 2994 1453 3071 membran,
1470 2988 1577 3064 insol.
1596 2989 1844 3081 stembrecha,
1862 2996 1961 3074 Oedi.

179 3162 183 3173 ,
202 3149 206 3153 -
239 3133 300 3209 pus
316 3129 380 3199 tyr.
397 3088 563 3200 hntigbne
580 3122 611 3173 et
625 3098 839 3177 Philoctetes,
866 3118 897 3166 et
910 3094 984 3195 poll
996 3100 1141 3195 quinque
1153 3090 1306 3187 heschyli
1331 3114 1412 3194 trag.
1435 3096 1612 3194 Sophoclis
1625 3094 1845 3180 Trachinins,
1870 3096 1964 3184 deui.'
2037 3138 2044 3144 ·

238 3238 302 3312 que
323 3236 398 3311 pag.
415 3212 481 3296 316.
500 3212 535 3277 in
556 3202 631 3278 cod.
652 3206 790 3279 chartac.
812 3204 848 3271 iu
872 3222 902 3287 4.
927 3194 1052 3299 septem
1074 3200 1177 3298 Soph
1193 3218 1275 3298 trag.
1295 3224 1375 3271 curn
1395 3194 1524 3271 scholiis
1540 3202 1825 3306 marginalibusxet
1840 3204 1961 3277 interli-

234 3316 394 3390 nearibus.

334 3479 520 3556 Floronia
540 3478 575 3547 in
594 3469 669 3547 bibl.
684 3474 835 3545 Laurent.
851 3464 1021 3555 Medicas,
1045 3464 1123 3543 telle
1138 3462 1301 3539 Burin
1320 3468 1356 3537 in
1378 3462 1472 3539 catal.
1487 3461 1641 3539 codicum
1660 3490 1768 3566 graec.
1785 3465 1862 3546 bibl.
1877 3474 1960 3546 Lau.

109 3642 117 3667 .
140 3580 145 3587 ¹
235 3592 421 3666 tentianae,
436 3580 510 3657 rol.
525 3582 565 3675 ll.
583 3574 648 3654 col.
664 3598 705 3665 44
720 3567 789 3674 sqq.
809 3571 892 3675 plut.
907 3588 959 3657 aa.
979 3568 1054 3647 cod.
1070 3572 1171 3641 XXV.
1192 3568 1266 3669 poll
1286 3589 1350 3641 tres
1370 3563 1567 3661 Aeschyleas
1587 3564 1661 3643 sunt
1683 3571 1857 3669 Sophoclis
1874 3578 1965 3650 hiare

236 3718 313 3765 cum
329 3685 458 3771 scholiis
471 3687 613 3781 margin.
630 3678 835 3781 paucioribus
848 3704 892 3759 ac
908 3676 1129 3762 breuioribus,
1155 3698 1257 3774 qnam
1272 3677 1306 3745 in
1320 3670 1396 3747 edit.
1412 3674 1565 3772 Stepban
1594 3714 1647 3727 -—
1677 3672 1807 3764 Eadem
1821 3696 1904 3777 trag.
1922 3686 1958 3752 in

90 3854 96 3867 .
236 3798 318 3872 Plut.
336 3818 385 3885 32
400 3788 477 3865 cod.
493 3787 779 3859 XXXll.chartac.
793 3788 827 3855 in
842 3806 873 3869 4.
889 3806 968 3853 curn
983 3774 1111 3852 scholiis
1126 3781 1265 3875 margin.
1279 3802 1362 3878 quac
1375 3797 1410 3849 vt
1430 3776 1612 3877 plurimum
1632 3776 1785 3852 recedunt
1805 3808 1825 3851 a
1841 3781 1965 3880 vulga·-

233 3906 285 3975 tis.
312 3936 362 3959 ·-
386 3893 515 3971 electra
533 3917 612 3964 cun:
624 3884 755 3979 scholiis
765 3906 802 3961 ,et
820 3881 985 3983 Oedipus,
1006 3902 1039 3955 at
1052 3886 1087 3954 in
1109 3882 1175 3954 fine
1200 3880 1317 3974 mutila
1331 3879 1376 3953 ell
1398 3877 1577 3980 tragoedia.
1610 3920 1662 3937 -
1693 3880 1857 3970 Eaedem,
1880 3883 1955 3965 cod.

234 4008 291 4079 lx,
305 4000 389 4105 plut,
404 3980 543 4096 tn'pag·
553 4007 604 4085 85.
629 4032 683 4049 -
708 4016 785 4091 pag.
806 4010 873 4081 195.
888 3988 969 4087 plut.
985 4010 1032 4076 3²·
1049 3984 1125 4065 cod.
1144 3978 1293 4063 XXXIV,
1306 3987 1406 4058 chart.
1420 3981 1553 4058 caedem
1568 4001 1631 4056 tres
1645 3983 1850 4082 tragoediae,
1875 4014 1954 4062 curn
2017 3995 2022 4009 '

143 4122 148 4127 '
236 4102 366 4183 scholiis
388 4106 513 4203 aliquot
534 4092 768 4197 marginalibus
788 4114 821 4166 et
842 4088 951 4193 gloll‘rs
972 4090 1237 4165 interlinearibus.
1272 4128 1323 4143 -
1353 4114 1429 4189 pag.
1444 4112 1512 4167 aot.
1528 4094 1563 4161 in
1582 4084 1657 4162 cod.
1670 4090 1735 4167 XL.
1753 4090 1955 4189 papyracei

236 4217 328 4287 tineis
344 4200 439 4283 uelde
454 4196 608 4297 corroso,
633 4204 731 4287 Aiax,
754 4196 883 4273 Eledlra
898 4216 929 4269 et
944 4192 1089 4293 Oedipus
1104 4184 1329 4289 cum-scholiis
1350 4193 1487 4290 antiquis
1508 4187 1670 4290 ct‘glolhs
1685 4194 1953 4269 interlinearibur.
2101 4238 2115 4259 ι
2199 4222 2204 4231 ·

235 4358 280 4374 ..
311 4340 389 4416 pag,
405 4337 452 4405 ῃ,
470 4334 522 4400 74.
537 4306 618 4407 plut.
635 4326 679 4393 31.
696 4298 770 4375 cod.
785 4304 810 4375 l.
826 4305 927 4375 chart.
951 4302 986 4371 in
1006 4293 1067 4370 sol.
1090 4299 1188 4392 Aiax,
1214 4296 1360 4385 Eledlra,
1388 4293 1536 4397 Oedipus
1549 4315 1723 4389 tyrannus,
1747 4296 1953 4395 Philodletes,
2015 4299 2018 4303 ’

235 4427 421 4519 Antigone,
444 4416 643 4487 Trachinlae
656 4435 734 4480 cum
751 4407 973 4507 argumentis,
998 4392 1164 4474 interdum
1184 4394 1316 4473 diuersis
1338 4392 1377 4471 ab
1398 4394 1508 4485 editis,
1534 4425 1596 4471 vna
1617 4424 1693 4470 cum
1715 4394 1902 4493 Aeschyleis
1922 4424 1954 4476 et
2047 4486 2051 4491 ,

84 4512 89 4525 ’
215 4510 429 4625 ,Ειιτὶρὶἀεὶεζ
455 4558 508 4573 --
534 4524 607 4613 pag.
615 4502 687 4601 laq.
700 4510 784 4613 plut.
802 4534 849 4598 32.
864 4505 937 4581 cod.
955 4510 997 4579 ll.
1013 4531 1169 4606 papyrac.
1191 4508 1227 4576 in
1239 4497 1300 4577 sol.
1318 4499 1453 4575 eaedem
1474 4496 1527 4575 sear
1550 4499 1737 4601 tragoediae
1756 4529 1834 4574 cum
1858 4529 1955 4603 argu.
2124 4564 2128 4571 .

236 4633 355 4704 mentis
376 4642 407 4697 et
430 4617 560 4695 scholiis
599 4613 767 4690 uibuadam
783 4609 1035 4711 marginalibus:
1056 4604 1165 4681 insunt
1184 4633 1317 4707 quoque
1342 4602 1950 4705 1111οά10111).Ευήρῐάῑεκνιιι.
2061 4646 2068 4669 .

153 4730 162 4750 ““
206 4772 209 4792 .
236 4754 320 4831 mg,
336 4752 367 4805 et
381 4731 436 4800 lli.
452 4644 615 4815 Aeschyli.
640 4758 690 4776 -·-
716 4744 792 4820 pag.
810 4735 848 4803 83
867 4710 909 4815 sq.
925 4714 1008 4787 Plut.
1025 4736 1067 4801 3¹.
1083 4709 1155 4783 cod.
1172 4712 1260 4816 Vlll.
1272 4734 1424 4811 papyrac.
1441 4712 1476 4780 in
1492 4732 1524 4798 4.
1541 4709 1623 4779 Aiax
1645 4728 1678 4781 ct
1697 4707 1845 4798 Electra,
1870 4738 1973 4811 quae¹

236 4858 348 4911 tamen
361 4828 479 4904 mutila
494 4824 557 4912 eii,
578 4844 657 4897 cum
671 4814 801 4895 scholiis
815 4824 954 4917 margin.
969 4837 1002 4890 et
1017 4810 1127 4919 glolhs
1140 4813 1282 4889 interlin.
1306 4852 1357 4868 -·
1383 4808 1457 4891 ibid.
1479 4838 1513 4913 p.
1528 4822 1578 4903 85.
1591 4808 1671 4885 cod.¹
1682 4812 1723 4885 X.
1739 4840 1855 4914 papyr.
1876 4820 1954 4903 1114,

213 4926 308 5014 'Vll
327 4960 375 5012 tra
403 4990 410 5005 .
433 4928 593 5033 Sophocl.
616 4952 692 4998 cum
708 4926 797 5017 vlit.
818 4920 1010 5021 Euripideis.
1042 4960 1092 4976 -·
1121 4944 1199 5019 pag.
1217 4942 1270 5004 132
1285 4910 1354 5017 sqq.
1377 4916 1522 5003 Pluma.
1547 4912 1623 4989 cod.
1639 4917 1693 4987 lx.
1716 4918 1897 4990 membran.
1919 4925 1954 4993 in
2067 5011 2071 5017 Ι

238 5047 360 5137 411111.
375 4962 454 5113 saec.
474 5040 513 5109 Χ.
528 5056 610 5131 trag.
625 5032 697 5103 v11.
716 5054 793 5101 curn
807 5021 938 5101 snioltis
959 5022 1132 5124 marginal.
1148 5016 1384 5111 vetustiffunis,
1408 5040 1441 5094 et
1458 5022 1660 5119 argumentis
1683 5046 1724 5095 ex
1739 5019 1955 5120 hrislophane
1992 5015 1994 5022 ¹
2050 5040 2053 5046 '
2142 5025 2147 5036 ’

280 5128 344 5231 Vis
362 5158 413 5225 ῃ,
623 5174 628 5181 -
756 5158 763 5165 ·
1082 5130 1136 5199 Ee
1251 5144 1276 5188 '·
1464 5140 1468 5150 ’
1723 5131 1953 5223 grammaticO,
