4700 5809
400 382 464 465 264
515 342 613 450 ‘nn
623 376 674 454 11.
692 399 719 451 e.
735 372 887 474 nuru.
920 352 921 357 '
962 366 1342 447 ur'rntrromsvs
1358 367 1584 449 evntnnn

403 567 542 641 rioribus
556 539 655 637 tomis
673 568 799 649 omnia,
825 589 907 661 quac
922 563 1130 661 Musgrauius
1147 558 1331 657 adnotarat,
1356 556 1411 635 au't
1423 560 1478 635 alii
1497 558 1700 663 singularum
1719 562 1962 665 tragoediarum
1983 564 2124 643 editores

352 708 364 751 ς
403 672 524 767 aliique
540 673 598 753 viri
615 666 703 741 dotti
719 662 865 767 sparsim,
879 668 977 747 bona,
994 693 1070 737 cnm
1096 662 1135 737 ad
1159 666 1459 763 interpretandum,
1484 682 1559 740 tnm'
1571 661 1721 767 inprimis
1736 668 1776 741 ad
1790 668 2033 745 emendandum
2046 698 2124 747 con-

378 850 384 855 ,
405 794 532 845 textum
552 771 744 851 adtulerant‚
772 770 930 857 sollerter,
956 766 1093 870 prouide'
1106 788 1138 842 et
1153 767 1369 866 intelligenter
1382 768 1525 843 colleiia
1536 774 1572 843 in
1585 795 1712 843 nouam
1726 775 1812 845 hanc
1826 771 2003 867 editionem
2026 794 2126 851 uane-
2230 818 2235 826 ι

401 873 616 955 funderentur
630 902 648 947 a
662 874 723 953 cel.
742 874 869 963 Btckio,
892 872 933 947 de
947 879 1069 972 graecis
1083 870 1198 948 litteris
1212 870 1363 972 ¹adeoque
1375 869 1416 965 de
1429 871 1583 973 Euripide
1595 902 1633 947 ea
1647 899 1748 975 opere
1762 878 1923 974 praeclare
1937 886 2075 953 metito:
2105 956 2109 968 ,

506 1014 680 1105 Euripidis
698 1008 914 1105 Tragoedioe,
936 1006 1151 1105 feugueroto,
1183 1004 1328 1104 epistolae
1348 1032 1389 1078 ex
1407 1010 1540 1081 editione
1562 1012 1679 1107 Iofitne
1701 1013 1848 1111 Berneſsi
1867 1038 1950 1086 nune
1966 1014 2076 1108 retufit
2094 1027 2126 1084 et

405 1118 510 1193 oudo.
562 1116 743 1211 Appertditr
760 1114 1012 1211 obseruationum
1031 1117 1162 1183 evoriis
1181 1112 1348 1183 doiiorom
1370 1116 1516 1185 uirorum
1532 1115 1775 1202 dirutorum,
1807 1116 1928 1189 Turnus
1946 1120 1971 1187 1.
1998 1119 2073 1217 (qui
2089 1144 2126 1189 ca

404 1242 545 1309 tantum,
570 1246 653 1319 quae
666 1216 738 1291 suut
752 1223 786 1289 in
802 1213 990 1291 Raruefiana
1007 1218 1162 1303 editione,
1189 1213 1353 1305 reddidit.)
1378 1212 1504 1315 Lipsiae
1518 1234 1617 1310 1778.
1633 1242 1668 1308 4.
1754 1312 1763 1325 .
1817 1235 1820 1245 ·

505 1398 558 1441 -ε
584 1374 667 1427 torn.
682 1354 723 1423 ll.
738 1350 825 1423 Eur.
847 1387 899 1405 -ν
922 1351 1084 1447 Borneſsi,
1116 1375 1197 1425 etune
1216 1347 1343 1447 reinfir:
1375 1353 1521 1423 accedunt
1531 1354 1727 1448 fragmento
1751 1376 1791 1422 ex
1812 1356 1975 1453 recmfione
1990 1355 2125 1435 Sontuel,

404 1464 603 1559 Motgrour,
628 1460 676 1530 M.
690 1456 736 1529 D.
753 1450 839 1553 Lips.
858 1478 949 1548 1779.
964 1480 995 1543 4.
1022 1454 1151 1527 Textus
1168 1452 1368 1553 reliquarum
1387 1452 1626 1553 tragoediarum
1636 1454 1688 1544 ,est
1708 1462 1748 1551 is,
1773 1482 1875 1554 quem
1897 1452 2025 1532 Barnes.
2046 1484 2125 1531 con·

406 1566 569 1639 ssituerat:
595 1565 873 1661 Fragmentotum
892 1583 971 1629 vero
991 1556 1150 1629 collectio
1167 1557 1447 1630 auderem-habet
1462 1559 1704 1657 Mnsgtauinm.
1755 1558 1997 1660 Illaexeipiunt
2009 1560 2126 1663 episto⁶

358 1684 361 1691 ’
406 1670 457 1745 lae
469 1666 676 1767 Euripideae,
701 1682 732 1736 et
748 1658 814 1736 duo
832 1658 950 1734 indices
963 1667 998 1735 in
1010 1658 1216 1759 Euripidem,
1244 1678 1316 1733 tum
1341 1667 1374 1733 in
1389 1657 1523 1752 scholia,
1549 1683 1621 1735 turn
1634 1669 1668 1734 in
1684 1658 1920 1737 adnotationes.

510 1844 592 1895 tom.
607 1792 664 1893 sll.
695 1821 811 1917 (quern
833 1812 989 1889 debemur
1003 1810 1190 1915 diligentiae
1203 1816 1341 1914 lierltii.)
1364 1817 1540 1909 Euripidis
1558 1856 1609 1873 -
1625 1818 1777 1916 Bornefii
1794 1843 1878 1889 nunc
1897 1820 2020 1916 recrffo,
2051 1831 2125 1897 torn.
2252 1884 2258 1904 ,

346 1999 352 2015 7
408 1930 482 2001 Ill.
497 1928 657 1997 continens
671 1923 804 1993 Samuel.
820 1924 1012 2015 Murgrouii
1026 1932 1119 2005 notos
1133 1925 1280 2014 integros
1295 1926 1330 1991 in
1342 1922 1545 2012 Euripidem.
1597 1920 1759 1991 Accedunt
1769 1937 1904 2013 praeter
1916 1923 2056 1994 ieiiionir
2073 1948 2126 1993 uo·

407 2039 551 2105 rictorem
562 2023 863 2120 [ctoua‘auttiorm
896 2028 1170 2094 commentationes
1190 2036 1222 2092 et
1244 2025 1526 2121 animaduersiones
1547 2027 1693 2096 uirorum
1718 2024 1887 2107 dubiorum
1909 2040 2073 2120 excerptor
2094 2038 2125 2097 ei
2157 2078 2164 2089 -

236 2232 242 2247 ι
354 2122 363 2137 “
406 2140 504 2209 index
520 2135 684 2204 uerborum
696 2126 849 2242 copiosus.
876 2122 1003 2223 Lipsiae
1018 2121 1127 2199 sumtu
1144 2126 1283 2226 Engelh.
1298 2128 1374 2201 Bcn.
1390 2128 1542 2201 Suilrerti.
1569 2141 1658 2217 1788.

509 2259 749 2341 Recenhonem
766 2256 866 2335 codd.
881 2280 978 2358 atque
993 2257 1196 2356 editionum,
1224 2288 1308 2359 quae
1332 2266 1480 2361 primunr
1505 2260 1616 2336 locum
1640 2281 1800 2363 occupat,
1832 2266 1970 2377 etmihi
1991 2288 2127 2364 qnoque

327 2392 331 2399 '
381 2370 544 2477 profuit,
571 2378 635 2443 iam
653 2362 791 2457 laudaui.
843 2359 1080 2463 Pollsequitur
1102 2363 1353 2455 collatiotextus
1371 2362 1860 2467 Barnefianicthlusgrauiani:
1887 2364 2127 2442 tunremenda·
2251 2402 2256 2410 ·

409 2486 516 2554 tiones*
529 2470 695 2549 editorum
709 2465 911 2543 scholiorum
927 2487 959 2538 et
972 2492 1059 2539 noua
1072 2462 1195 2541 scholia
1208 2468 1249 2541 ab
1269 2468 1339 2541 aliis
1354 2468 1427 2565 poll
1441 2465 1666 2542 Barnestanam
1680 2468 1860 2543 editionem
1872 2496 1891 2545 e
1903 2474 2010 2545 Mitis
2024 2494 2126 2558 eruta,

409 2606 561 2657 unacum
576 2575 711 2649 Heathii
733 2576 1014 2645 commentatione
1035 2567 1130 2661 dete
1152 2577 1286 2645 menica
1302 2576 1522 2646 Graecorum:
1544 2569 1629 2671 poll,
1657 2574 1958 2672 Musgrauii'notae
1981 2578 2126 2677 integrae

409 2708 441 2761 et
456 2686 596 2760 aliorum
613 2705 652 2751 ex
669 2681 763 2749 variis
784 2674 976 2747 editionibus
991 2674 1147 2773 librisque
1167 2671 1436 2748 obseruationum
1456 2673 1627 2773 diligenter
1645 2672 1814 2777 sobrieque
1836 2698 2023 2777 excerptae,
2048 2679 2126 2753 edm

408 2792 506 2863 dot‘la
528 2786 662 2861 editoris
683 2776 763 2879 disp.
788 2777 828 2849 de
852 2772 983 2865 Rheso,
1017 2774 1091 2850 dein
1116 2776 1214 2851 iisdeu
1235 2772 1437 2875 pleuiisnnus
1458 2780 1633 2851 verborum
1655 2776 1949 2881 formularumque
1967 2788 2003 2854 in
2033 2782 2144 2865 editis

410 2888 594 2990 Euripideis
610 2887 865 2975 occurrentium,
897 2883 936 2952 ab
966 2882 1106 2953 Hesleto
1129 2880 1299 2955 confet‘lus
1321 2904 1351 2955 et
1374 2881 1496 2955 indices
1519 2882 1592 2955 alii:
1624 2880 1768 2982 denique
1790 2876 1899 2986 ldrgae
1922 2884 2126 2960 animaduer·
2248 2931 2251 2935 ·
2336 2969 2337 2978 7

410 2994 542 3071 stonum
563 2995 735 3072 variarum,
770 2988 803 3058 in
821 2989 868 3057 bis
887 2982 1031 3057 l’reuolli
1043 3010 1082 3057 ex
1101 3011 1187 3057 noua
1202 2989 1315 3058 theatri
1331 2992 1437 3083 graeei
1453 2982 1609 3073 editione,
1634 2984 1840 3061 accelstones.
1892 2992 2004 3062 Fututi
2029 2994 2127 3089 igitur
2148 2989 2157 2999 ’

408 3102 461 3176 vel
478 3100 666 3170 cttnclarum
682 3091 732 3163 vel
751 3086 949 3189 lingularum
967 3087 1207 3186 tragoediarum
1223 3087 1361 3161 editores
1380 3094 1412 3159 in
1423 3094 1490 3161 hoc
1502 3112 1598 3165 torno
1613 3098 1727 3163 oannia
1741 3118 1844 3191 paene
1858 3086 1994 3165 subsidia
2010 3094 2127 3166 habent

314 3272 319 3279 .
380 3186 385 3196 ¹
410 3224 537 3305 parata,
578 3197 694 3296 quibus
719 3191 784 3265 hue
806 3197 925 3290 ingenii
954 3192 1095 3265 bonitate
1118 3188 1185 3265 stne
1208 3190 1362 3266 codicum
1387 3194 1509 3263 auxilio
1531 3197 1663 3268 inuenta
1685 3190 1810 3267 facilius
1835 3193 1974 3267 adiicere
1996 3196 2126 3295 possint.

408 3306 545 3383 Erudita
563 3306 656 3375 huius
674 3296 824 3371 editionis
840 3290 987 3377 censura,
1021 3322 1060 3367 ex
1084 3322 1146 3391 qna
1167 3322 1229 3369 nos
1254 3320 1390 3396 quoque
1407 3294 1629 3397 profecimus,
1673 3297 1792 3397 legitur
1811 3304 1844 3371 iu
1865 3298 2133 3397 ephemeridibus

391 3406 512 3489 litter:
523 3414 590 3481 len.
616 3402 828 3505 (Aligemeine
843 3403 1028 3471 Litterctttr
1042 3402 1216 3497 Zeitung‚)
1241 3394 1294 3473 nri
1312 3400 1469 3489 8611187.
1484 3426 1617 3495 11790.

511 3540 723 3637 Singulorum
737 3538 976 3633 tragoediarum
985 3532 1149 3633 'edition-es
1163 3564 1201 3607 ac
1214 3532 1378 3608 versiones
1401 3531 1514 3606 latinas
1541 3534 1697 3630 aliasque,
1738 3538 1814 3632 qnia
1838 3532 1880 3607 el.
1907 3538 1997 3608 Beer.
2018 3563 2127 3611 recen·

334 3632 340 3645 ¹
411 3646 472 3723 suit
486 3649 624 3721 vberius.
645 3647 759 3740 paucis
773 3644 825 3711 hic
841 3639 910 3713 illas
927 3637 1110 3738 significare
1127 3636 1275 3728 sufficiet,
1300 3635 1478 3711 accelsrone
1491 3640 1761 3738 cortedioneque
1775 3639 1853 3711 hinc
1867 3638 1943 3712 inde
1967 3636 2062 3716 seila.

511 3798 542 3887 1)
566 3797 700 3869 Hecuba
714 3808 743 3864 et
760 3793 929 3890 Iphigenia
944 3798 977 3861 in
995 3792 1124 3877 Aulide,
1148 3816 1196 3888 gt.
1214 3790 1299 3893 apud
1325 3790 1580 3866 Theodoricum
1598 3788 1810 3879 Alidensem,
1843 3796 1972 3867 Luuan.
1993 3819 2074 3885 ¹5²0·
2096 3818 2126 3883 4.

411 3911 504 3999 (cum
524 3905 609 3975 notis
623 3904 725 3972 MStis
741 3902 773 3969 in
788 3898 890 3969 Catal.
907 3894 982 3968 bibl.
1000 3896 1204 3981 bodleianae,
1224 3922 1258 3993 p.
1269 3921 1339 3985 410.
1355 3914 1440 3976 tom.
1457 3898 1502 3986 1.)
1528 3936 1578 3954 -
1605 3898 1725 3967 eoedem
1740 3924 1790 3995 gt.
1807 3918 1839 3970 et
1852 3896 1906 3970 lut.
1923 3924 1963 3971 ert
1978 3895 2127 3972 versione
2180 3954 2188 3961 .

40 4014 51 4030 ‘
199 4064 208 4079 .
336 4032 338 4038 ’
411 4006 549 4101 Erasini,
574 4001 668 4075 Basti:
684 3998 770 4099 apud
793 4000 932 4073 Froben.
958 4015 1040 4091 1518.
1062 4010 1092 4082 8.
1126 3991 1321 4093 (secundum
1346 4004 1417 4079 Cat,
1443 4000 1517 4071 bibl.
1537 3996 1631 4075 Bodl.
1645 3998 1668 4071 l.
1683 4004 1725 4093 c.)
1752 3996 1834 4093 15‘24.
1859 4016 1889 4084 8.
1914 4040 1967 4075 --.
1991 4024 2075 4095 ¹530·
2092 4026 2125 4092 4.

282 4135 287 4147 ¹
340 4178 343 4186 .
411 4108 505 4189 Paris.
521 4105 607 4207 apud
621 4104 745 4177 Mores.
762 4104 852 4195 1560]
868 4124 901 4190 4.
927 4128 977 4158 -·
1005 4102 1144 4187 Hecuba,
1171 4127 1221 4201 gr.
1246 4098 1344 4182 Paris
1361 4094 1737 4207 155a.apud1Vascosan.
1759 4144 1811 4198 ——7
1832 4116 1934 4202 gret
1957 4103 2126 4210 latsapud

305 4210 309 4217 ’
413 4216 498 4292 Guil.
515 4208 651 4285 Motell.
671 4230 756 4298 ¹540·
770 4230 800 4295 4.
828 4216 916 4297 1560.
934 4228 965 4292 4.
992 4246 1042 4260 -
1065 4231 1115 4304 gr.
1137 4205 1213 4281 ibid.
1238 4246 1291 4264 —
1309 4232 1364 4307 gr.
1387 4208 1492 4298 etlat.
1512 4233 1570 4307 per
1588 4202 1773 4279 Erasmum.
1800 4203 2050 4303 Patiss1543„4,
2075 4249 2126 4266 ..-

412 4350 462 4423 gr.
478 4346 555 4391 cum
576 4312 704 4390 scholiis
721 4315 841 4409 graecis
855 4308 940 4407 apud
956 4313 1003 4380 Io.
1019 4307 1205 4383 Lodoicum
1225 4308 1370 4383 Tiletan.
1393 4306 1484 4383 Paris.
1503 4332 1583 4401 1545.
1601 4335 1633 4399 4
1664 4306 1737 4400 (sec.
1758 4314 1930 4385 liecleium:
1961 4333 1995 4385 at
2014 4309 2126 4385 secun·

411 4426 490 4499 dum
511 4422 686 4501 hlaittaire,
702 4419 759 4489 lll.
777 4442 810 4513 p.
825 4426 895 4505 382.
913 4407 1009 4485 Paris.
1028 4438 1114 4508 1547·
1129 4430 1176 4502 4)
1201 4455 1254 4470 -
1279 4442 1355 4485 curn
1373 4411 1563 4511 metaphrast
1579 4418 1705 4512 poetica
1719 4408 1794 4485 Des.
1812 4411 1957 4503 Erasmi,
1981 4414 2066 4488 edita
2087 4418 2126 4488 ab

340 4558 350 4575 ⁸
413 4534 518 4604 Horr.
538 4526 674 4615 llompio
688 4520 871 4615 Hambutg.
889 4525 972 4603 1617.
988 4533 1018 4598 8.
1044 4554 1092 4573 --
1121 4543 1197 4588 cum
1216 4518 1374 4592 Dorothei
1392 4516 1520 4608 Consilii
1534 4514 1593 4615 (de
1611 4544 1677 4616 qno
1694 4513 1777 4590 infra
1790 4524 1825 4589 in
1842 4526 1956 4591 notitia
1970 4516 2126 4592 versionis

345 4666 349 4671 ·
412 4632 559 4735 plurium
575 4624 844 4725 tragoediarum)
871 4617 1017 4695 versione
1033 4615 1184 4718 proseria,
1210 4616 1264 4695 sed
1280 4650 1297 4693 a
1311 4626 1474 4721 Stephano
1487 4649 1526 4693 ex
1537 4622 1682 4722 Philippi
1696 4618 1967 4698 Melancl‘rtlronis
1982 4629 2126 4697 maxime

269 4752 275 4762 '
353 4800 355 4807 .
413 4730 686 4836 praelediionibus
702 4733 881 4826 recognita,
908 4744 938 4796 et
954 4750 1030 4821 curn
1047 4722 1240 4825 tnetaphrast
1255 4733 1379 4821 poetica
1393 4721 1469 4825 Des.
1487 4722 1627 4811 Erasmi,
1653 4731 1688 4799 in
1707 4729 1755 4799 H.
1778 4729 1931 4823 Stephani
1945 4725 2126 4826 tragoediis

414 4837 713 4925 selectionem.
738 4868 790 4889 -α
816 4826 906 4901 Euri
923 4829 996 4899 Her.
1014 4840 1044 4897 tt
1059 4828 1168 4923 Iphig.
1183 4832 1216 4897 in
1230 4830 1351 4900 Aulide
1370 4856 1420 4928 gr.
1443 4856 1505 4927 pro
1528 4816 1891 4930 schola-Argentinenli.
1912 4834 2048 4930 Argent.
2111 4860 2129 4905 r

414 4946 439 5015 l.
455 4936 636 5015 Rihelium.
661 4936 747 5029 1567.
775 4942 806 5019 8,
833 4974 884 4987 --
900 4933 1032 5005 Hecuba
1045 4956 1112 5005 cum
1125 4932 1249 5005 Matri.
1265 4933 1417 5028 Heusleri
1428 4938 1684 5031 interpretatione
1700 4947 1730 5006 et
1743 4919 1956 5039 explicatione,
1973 4858 2128 5032 (inillis

846 5077 850 5085 ’
1878 5101 1886 5114 ,
1934 5062 2129 5135 puerorum,

1314 5252 1338 5295 S
