4700 5809
313 511 320 518 .
538 467 615 598 j.
660 416 662 418 ’
696 480 1085 590 Ιιιιιιιιιιιοοιιιιι
1113 480 1243 560 torn
1262 450 1385 582 ror
1410 481 1456 555 ιιι
1506 478 1583 557 ιιι.
1594 480 1646 556 ιι.
1659 503 1684 556 ι.
1696 477 1852 596 nxrtt.
1879 451 1960 577 'ro
2116 459 2120 468 ’

203 671 207 678 ’
243 682 307 751 ent
321 698 384 776 pro
405 671 650 772 veregenuinie
670 655 859 775 habeamur.
910 646 1063 767 Thalu't,
1094 667 1232 759 Parilia,
1258 669 1437 759 Abderae,
1453 677 1635 764 Cynicum,
1660 669 1846 758 Meliboea,
1868 665 1972 747 vrbet'

109 787 119 818 '
156 849 160 853 .
240 780 387 853 abeoin
400 776 554 849 birlibn't
567 770 643 874 iplir
656 795 907 863 memorantur,
928 777 1093 876 inquibus
1105 775 1264 858 morbot',
1291 795 1374 878 quos
1387 792 1533 858 coemat,
1559 770 1788 850 obseruauerit.
1837 777 1879 848 Et
1896 779 1962 850 bae

203 916 206 927 ·
238 880 374 981 opidem
386 882 586 958 morborum
601 873 841 962 obseruationes
853 881 920 952 boc
934 877 1040 951 modo
1054 877 1188 964 traditae
1204 874 1293 972 sunt,
1317 897 1397 966 rtet
1413 877 1661 978 constitutiones
1682 875 1883 978 epidemicae
1927 871 1970 952 e·¹

236 990 376 1058 neratim
390 979 630 1066 describantur,
655 982 820 1080 inquibus
836 987 964 1081 primur
985 984 1206 1080 Hippocrates
1227 980 1360 1068 docuit,
1381 967 1459 1081 quid
1474 987 1553 1054 anni
1570 1001 1721 1078 tempora
1736 986 1884 1080 oerirque
1897 904 1957 1055 da·-

211 1087 343 1162 ‘tund
357 1087 494 1168 morbos
508 1085 684 1186 populares
705 1081 909 1156 inducendos
931 1078 1125 1164 conferant,
1150 1105 1185 1158 et
1204 1089 1448 1184 aegrotantium
1469 1083 1620 1169 bilioriae
1637 1101 1854 1172 enarrentur,
1873 1110 1958 1186 quac

235 1215 335 1277 vero,
359 1186 451 1289 quod
465 1188 608 1262 Galenus
621 1192 688 1259 iam
704 1192 837 1261 monuit
851 1185 1137 1273 (tidcommeut.
1156 1189 1212 1258 lli.
1234 1189 1350 1259 inlll.
1370 1184 1466 1288 Epid.
1484 1191 1646 1286 Hippocr.
1664 1205 1741 1260 text.
1759 1209 1803 1277 τι.
1851 1213 1956 1281 ‚nom
2045 1197 2053 1204 '

235 1312 323 1367 torn.
338 1295 391 1364 tx.
409 1295 540 1380 Chart.)
554 1305 625 1363 'non
639 1316 757 1371 ornnes
772 1288 813 1361 ad
828 1288 1074 1364 constitutiones
1085 1287 1301 1389 epidemicar,
1327 1315 1407 1389 quat
1422 1295 1604 1388 generatim
1619 1285 1801 1392 descripfit,
1824 1213 1881 1365 led
1899 1309 1957 1366 aut
2064 1335 2068 1341 «

235 1393 280 1470 ad
295 1395 373 1470 aliar
384 1394 628 1494 constitutiones
642 1391 851 1493 epidemicaa,
874 1397 1043 1467 autetiam
1057 1392 1099 1466 ad
1112 1389 1298 1494 sporadicos
1314 1394 1453 1466 morbos
1467 1399 1641 1494 pertinent.
1776 1447 1779 1452 -

87 1639 90 1644 Ι
174 1566 181 1576 ’
336 1545 523 1622 Hotlibroa
562 1547 749 1646 opolarium
762 1547 959 1619 morborum
974 1550 1121 1646 primum
1137 1539 1257 1617 scilicet
1269 1527 1369 1646 atque
1390 1551 1545 1634 tertium,
1569 1567 1644 1620 ante
1663 1545 1811 1650 reliquos
1821 1549 1955 1650 Hippo·
2062 1600 2066 1608 .

236 1655 330 1727 cratis
347 1651 446 1723 libror
460 1573 661 1750 conlbriptos
678 1645 740 1722 ell'e
754 1677 831 1721 cum
859 1650 1037 1734 Grimmio,
1065 1655 1105 1720 V.
1121 1645 1174 1721 Cl.
1199 1651 1264 1734 (Hi
1266 1651 1440 1748 ppoltrates
1455 1651 1581 1722 Werlte
1603 1653 1627 1720 l.
1642 1651 1742 1726 band.
1767 1645 1840 1750 pag.
1855 1653 1952 1748 ηρ.)
2061 1678 2066 1693 ’

232 1777 338 1856 puto,
369 1758 432 1827 hac
452 1758 603 1854 inprimit
619 1752 737 1852 duduc
758 1757 905 1841 ratione,
931 1751 1021 1852 quod
1041 1749 1082 1824 ad
1106 1746 1272 1853 praesagia
1295 1753 1459 1851 generalia
1481 1781 1582 1853 eaque
1597 1752 1676 1850 iulia
1694 1759 1727 1828 in
1745 1757 1868 1846 morbis
1882 1752 1954 1831 for·
2014 1787 2019 1806 ¹

183 1865 192 1892 ’
230 1855 375 1944 utenda,
404 1863 438 1928 in
454 1857 660 1958 quibuscum
678 1845 928 1954 plurimal'aude
944 1859 1186 1956 Hippocratem
1203 1849 1363 1927 versatum
1379 1850 1597 1942 -ess'escimur,
1622 1859 1819 1930 morborum
1840 1843 1968 1940 obserb,

103 2033 108 2040 ,
230 1967 322 2032 vatio
337 1959 489 2033 diuturna
503 1955 541 2033 fit
552 1954 724 2032 necefforia
739 1953 869 2059 ipseque
882 1963 1102 2060 Hippocrates
1116 1957 1308 2058 exemplum
1322 1953 1587 2032 obseruationum
1605 1952 1734 2032 suarum
1750 1965 1784 2032 in
1798 1964 1848 2051 hit
1860 1963 1951 2040 libria
2060 2015 2066 2026 .
2138 2014 2143 2024 .

74 2086 83 2102 ·
231 2055 411 2164 ἓπιδημιόιι
432 2060 566 2136 dederit.
618 2065 742 2135 Docuit
761 2060 844 2134 adeo
864 2089 923 2162 per
944 2062 1096 2162 exempla
1116 2089 1187 2133 non
1206 2088 1328 2160 pauca,
1351 2089 1434 2162 quae
1457 2067 1491 2134 in
1511 2064 1559 2134 his
1574 2059 1664 2162 libris¹
1684 2062 1860 2162 leguntur,
1884 2091 1950 2166 qua
1981 2103 1992 2156 χ

119 2165 136 2188 “’
227 2175 362 2248 tatione
375 2165 521 2240 medicus
546 2160 710 2266 praesagia
732 2192 771 2238 ex
793 2167 989 2238 morborum
1002 2161 1186 2238 decursibus
1200 2163 1361 2238 deducere
1374 2163 1508 2253 debeat,
1532 2186 1567 2239 vt
1580 2163 1663 2248 adeo
1679 2185 1712 2240 et
1733 2165 1809 2241 inde
1829 2186 1950 2266 pateat,
1980 2185 1994 2203 ‘

228 2273 297 2348 boa
318 2274 532 2372 Hippocratis
551 2270 670 2358 libror,
693 2262 782 2343 forte
799 2294 877 2341 cum
899 2267 974 2346 aliie
1010 2268 1135 2362 loribus
1154 2267 1354 2342 morborum
1372 2268 1530 2356 historiis,
1555 2294 1639 2369 quae
1652 2274 1812 2370 temporit
1832 2277 1949 2347 iniuria

226 2375 441 2462 interierunt,
466 2373 600 2474 reliquit
618 2379 686 2447 eiua
708 2373 819 2458 libris,
843 2376 901 2471 qui
924 2369 965 2444 ad
988 2297 1178 2444 lemiotiecn
1195 2375 1379 2470 pertinent,
1412 2369 1500 2472 quali
1522 2397 1585 2468 pro
1604 2365 1824 2446 fundamento
1839 2368 1949 2453 fniil'e.
2002 2439 2004 2443 ,

225 2483 447 2552 Contrarium
460 2497 572 2550 tamen
587 2477 731 2548 Galenoa
745 2470 910 2547 atl'eruill'e'
926 2473 1072 2562 videtur,
1105 2500 1190 2574 quae
1209 2477 1428 2573 Hippocrates
1448 2480 1484 2546 in
1501 2464 1676 2566 ἕπιὲημιῶι
1696 2475 1785 2548 libris
1806 2473 1947 2552 conseri.

203 2663 206 2670 ¹
223 2577 311 2686 psit,
338 2607 378 2653 ex
390 2577 483 2653 dit‘lit
497 2584 531 2650 in
546 2577 759 2678 prognostico
772 2572 926 2675 consequi
940 2577 1124 2674 existimant
1139 2572 1222 2666 (vid.
1261 2572 1372 2672 raefat.
1387 2567 1428 2649 ad
1443 2582 1581 2650 Comm.
1599 2581 1622 2647 Ι.
1636 2584 1669 2648 in
1689 2579 1713 2648 l.
1728 2575 1823 2676 Epid.
1837 2583 1945 2682 Hipp.

225 2705 265 2788 pa
280 2707 309 2770 3.
323 2701 408 2756 torn.
424 2683 482 2756 tx.
497 2683 625 2770 Chart.)
638 2698 672 2750 ut
686 2677 769 2752 adeo
782 2700 924 2779 tempor,
948 2705 1017 2784 quo
1028 2683 1064 2754 bi
1076 2678 1150 2754 libri
1162 2703 1204 2754 co
1240 2683 1338 2779 cn‘pri
1351 2677 1425 2770 fine,
1440 2677 1553 2783 aliquo
1568 2673 1676 2766 saltim
1693 2679 1800 2755 modo
1813 2683 1881 2758 boc
1892 2681 1945 2760 lo·

206 2790 273 2863 'co
292 2813 314 2859 a
332 2785 460 2861 Galeno
479 2783 573 2860 didit
591 2777 730 2858 dubium
745 2779 910 2858 reddatur.
1337 2821 1338 2826 ,
1938 2811 1943 2823 ·

329 2942 553 3014 Continentur
563 2940 693 3020 veroin
708 2939 734 3008 l.
750 2928 926 3036 ἒπιδιιμιῶι
940 2934 1026 3012 lbro
1040 2934 1286 3036 constitutiones
1308 2934 1510 3040 epidemicae
1529 2955 1613 3016 tter.
1639 2931 1780 3040 quarum
1797 2935 1945 3043 lingulae
2059 3001 2061 3008 .
2102 2929 2106 2936 ’

223 3039 361 3120 initium
374 3038 515 3132 sumsere
526 3064 689 3117 autumno
704 3046 853 3128 ineunte,
878 3062 912 3114 et
924 3040 1040 3116 aestate
1054 3047 1186 3117 ineunte
1200 3041 1371 3116 desierunt.
1425 3039 1499 3114 Poll
1518 3039 1769 3117 constitutiones·
1782 3065 1943 3122 enarratae
2081 3057 2085 3066 ’
2163 3068 2165 3081 ’

222 3143 408 3249 sequuntur
424 3144 661 3247 propoliti'onet
672 3143 715 3218 de
731 3144 929 3219 morborum
945 3139 1080 3222 decurio
1094 3146 1280 3244 generales,
1306 3172 1389 3245 quae
1409 3149 1502 3226 tertia
1516 3139 1658 3218 settione
1682 3151 1717 3219 in
1738 3145 1827 3220 libris
1841 3133 1943 3222 ¹editia

192 3259 282 3353 ·(p.
298 3261 378 3342 670.
394 3272 476 3323 tom.
493 3246 645 3339 tund.)
660 3244 1000 3346 comprehenduntur.
1052 3249 1105 3318 Αἰι
1121 3251 1182 3320 hae
1199 3269 1262 3322 tres
1275 3249 1521 3320 constitutiones
1535 3241 1566 3319 se
1586 3249 1864 3334 inuicem,·nulla
1879 3249 1942 3324 alia
1982 3309 1984 3314 .

220 3359 480 3441 intercurrente,
504 3343 710 3451 exceperint,
736 3347 826 3450 quod
842 3353 1024 3425 Grimmiur
1040 3343 1217 3450 suspicatur
1235 3351 1473 3450 (Hippokrater
1488 3341 1613 3450 Werlte
1626 3352 1651 3420 1.
1666 3348 1764 3422 Band.
1780 3377 1814 3451 p.
1828 3357 1941 3450 449),

221 3457 388 3541 dubium,
410 3476 445 3530 et
468 3457 514 3531 ob
533 3455 667 3527 aestiuas
686 3451 932 3528 constitutiones
949 3449 1082 3528 omiliae
1104 3459 1157 3526 vix
1178 3451 1332 3528 credibile
1353 3451 1408 3526 eli.
1459 3453 1529 3524 Har
1545 3447 1721 3551 sequuntur
1741 3455 1941 3538 morborum
2008 3459 2015 3464 “

100 3597 104 3604 ·
221 3559 380 3640 billoriae
392 3561 481 3645 XIV,
496 3585 589 3662 -quae
609 3555 650 3631 ad
671 3555 939 3631 constitutionem
960 3552 1177 3658 epidcmicam
1187 3561 1323 3631 tertiam
1344 3559 1507 3658 pertinere
1521 3553 1682 3663 videntur.

323 3731 447 3804 Tertio
459 3726 543 3799 libro
560 3726 633 3803 llll.
646 3719 885 3822 aegrotantium
899 3720 1051 3805 historiae
1069 3739 1269 3794 enarrantur.
1291 3717 1531 3816 ‘'Has'excipit
1552 3715 1738 3792 constitutio
1758 3717 1940 3816 epidemica
2082 3739 2086 3746 “

232 3829 404 3932 pestilens,
426 3833 461 3900 in
483 3824 619 3920 Thaso,
643 3820 923 3917 vt'uidetur·(vid.
937 3818 1080 3898 Grimm.
1102 3849 1134 3922 p.
1144 3824 1241 3915 '486.)
1261 3817 1437 3895 obseruata.
1488 3825 1684 3920 Sequuntur
1697 3821 1812 3896 deinde
1826 3851 1941 3922 aegro.

230 3939 371 4020 tantium
388 3929 560 4018 bilioriae,
582 3927 624 4002 ad
638 3927 885 4026 'praecedentem
900 3925 1190 4012 constitutionem,
1215 3923 1306 4024 quod
1328 3930 1393 4000 iam
1406 3922 1548 3997 Galenur
1564 3928 1699 3998 monuit
1717 3925 1870 4022 (Comm.
1884 3931 1939 4004 lll.
2008 4013 2011 4020 .

229 4032 939 4133 inlli.Epid.Hippocr.p.=a9o.tom.1ll.
962 4029 1109 4125 Charo),
1129 4031 1184 4104 rix
1202 4021 1408 4116 referendae,
1431 4026 1522 4102 xvi.
1813 4043 1817 4051 ’
1895 4053 1897 4058 ’
2017 4036 2019 4042 ’
2038 4019 2040 4024 ’

271 4195 279 4203 ’
325 4203 364 4272 ln
379 4219 517 4298 utroque
532 4199 599 4272 boc
611 4195 699 4270 libro
712 4193 937 4296 inscriptiones
952 4190 1154 4283 sectionum,
1180 4195 1300 4269 Gaiano
1314 4199 1379 4268 iam
1393 4211 1572 4288 monente,
1595 4217 1665 4270 non
1681 4195 1720 4269 ab
1733 4195 1939 4296 Hippocrate

226 4299 396 4406 proselire
417 4299 507 4377 sunt.
561 4299 691 4375 Eodem
711 4299 840 4373 Galeno
860 4308 1039 4388 monente,
1070 4302 1336 4398 (commercii.
1355 4301 1389 4369 in
1410 4297 1570 4396 lll.Epid.
1591 4301 1846 4401 Hippocrpag.
1866 4325 1939 4398 239.
1984 4396 1986 4402 Ι

228 4393 646 4501 tobi.1x.chart)etiam
667 4403 848 4492 litterarum
869 4403 1084 4490 ebaradleres,
1116 4398 1292 4475 duodecim
1318 4397 1457 4470 historiis
1480 4396 1696 4488 morborum,
1722 4429 1803 4496 quae
1826 4410 1859 4476 in
1878 4407 1937 4478 ΙΙΙ.

159 4512 165 4518 ’
227 4501 407 4610 hipp&
427 4511 570 4606 primum
593 4526 843 4606 proponuntur,
870 4528 940 4578 nou
965 4506 1005 4576 ab
1028 4509 1249 4602 Hippocrate,
1284 4497 1337 4578 sed
1368 4528 1387 4573 a
1413 4503 1599 4576 Mnemone
1621 4505 1810 4602 anpbylo
1836 4505 1939 4579 additi
1984 4565 1988 4570 .
2052 4571 2056 4576 .
2144 4549 2146 4558 ι

226 4610 324 4700 sunt,
352 4611 536 4704 etquidem
562 4610 662 4693 ideo,
686 4631 721 4681 vt
740 4632 857 4682 eorum
876 4610 1143 4704 interpretatione
1160 4601 1195 4680 se
1219 4604 1412 4698 librumque,
1425 4599 1528 4700 ipsum
1549 4604 1739 4679 Ptolemaeo
1761 4607 1940 4706 Euergetae

226 4712 487 4797 commendaret.
527 4714 672 4786 -Tertina
686 4714 738 4783 bic
750 4731 896 4783 ceterum
908 4707 992 4782 liber
1002 4715 1078 4782 naui
1091 4708 1247 4783 aduediut
1261 4728 1293 4782 et
1307 4736 1324 4778 a
1336 4709 1523 4780 Mnemone
1538 4709 1721 4806 Pamphylo
1736 4715 1768 4782 ἱιι
1786 4715 1941 4788 ordinem

111 4833 118 4836 “
226 4823 369 4922 digestus
396 4817 500 4893 ditior
525 4822 558 4890 iu
583 4816 777 4888 bibliotheca
805 4812 983 4889 Ptolemaei
1004 4817 1183 4918 Euergetae
1203 4807 1322 4888 fertur:
1353 4799 1396 4894 td
1416 4814 1454 4893 e'rt
1474 4813 1602 4896 atrior
1629 4803 1731 4897 aurel
1755 4805 1940 4922 drop-Porio

224 4921 395 5032 Μιῆμοια
416 4915 559 5014 Editur.
594 4917 657 4995 tid.
674 4917 748 4995 Gal.
761 4916 842 4994 loco
861 4923 935 5004 eit.
1086 5034 1091 5041 ,

584 5070 591 5077 ”
1126 5105 1269 5184 Vtra
1510 5103 1512 5108 ’
1841 5109 1942 5216 leque·
2017 5163 2074 5202 0,
2126 5173 2140 5193 ,
