4700 5809
923 407 1021 464 t‘=

1094 457 1363 584 'ursmarus
1469 468 1474 478 ”
1687 569 1692 580 ,
1813 495 2096 576 carpasiae
2161 444 2173 524 ἶ

373 526 433 599 170
533 461 669 581 mur.
683 529 709 582 ι.
722 503 863 601 arfa
1811 577 2095 644 ,Ὗ-

218 689 225 696 ’
302 744 306 749 ,
376 697 437 769 tier
452 688 617 772 discesliss'e
626 697 665 772 ab
684 697 867 779 Homerica
878 692 1036 794 mytholo
1062 694 1101 773 ia.
1151 701 1191 774 ln
1208 695 1404 773 uariisenim
1420 693 1719 772 ciuitatibus'variae
1732 709 1822 770 ortae
1841 714 1897 769 aut
1912 701 2021 796 potius
2035 719 2095 796 per
2181 763 2210 780 .,

377 815 491 898 poetas
507 799 611 900 magis
625 808 774 902 cognitae
788 799 1016 904 etdiuulgatae
1032 725 1107 877 saut
1124 799 1266 880 diuersae
1289 800 1330 874 de
1353 800 1412 874 diis
1434 818 1530 898 atque
1550 799 1722 887 heroibus,
1741 808 1941 899 ¹eorumque
1961 819 2034 873 ortu
2056 823 2096 871 ac

377 921 500 988 natura,
525 905 731 992 nominibus,
759 907 951 995 adilonibus,
975 906 1143 980 virtutibus
1154 911 1314 1005 vitiisque,
1338 903 1379 978 de
1394 899 1579 984 mundistu
1593 899 1853 1002 potiusrniuerli
1870 909 2010 1004 origine,
2026 897 2097 988 sor·

371 993 448 1095 'ma
467 1007 613 1091 audiore,
637 1011 771 1109 eiusque
787 1007 1080 1098 administratione·
1101 1008 1143 1083 de
1157 1013 1259 1086 anirni
1271 1007 1413 1082 burnani
1431 1028 1579 1094 natura,¹
1597 1005 1733 1106 aliisque
1753 1006 1846 1088 rebus
1866 1013 1899 1082 et
1915 1003 2094 1107 disciplinis
2194 1029 2197 1044 ·

376 1115 579 1186 narrationes
593 1107 799 1211 sabulaeque
855 1118 984 1188 Praeter
1007 1139 1045 1189 ea
1065 1117 1220 1200 homines
1241 1101 1394 1186 derebus
1414 1113 1568 1184 humanis
1587 1109 1768 1208 diuinisque
1787 1109 1877 1186 aliter
1897 1105 2094 1185 etwsubtiliua
2209 1162 2214 1168 -

376 1207 605 1314 philosophari
626 1234 817 1315 coeperunt.
867 1222 907 1289 ln
919 1221 1033 1316 primis
1046 1213 1171 1306 fadlum
1185 1215 1232 1289 est
1242 1241 1301 1315 per
1314 1215 1437 1308 lyricos
1450 1231 1577 1314 poetas,
1588 1238 1672 1312 quos
1684 1207 1851 1312 feruidum
1864 1209 2032 1312 audaxque
2046 1217 2096 1287 in.

253 1373 258 1380 .
378 1321 518 1412 genium
533 1338 566 1390 et
582 1312 720 1417 poeseos
732 1343 835 1418 genus
849 1315 982 1419 ipsaque
994 1324 1052 1408 rei,
1074 1345 1173 1419 quatu
1188 1323 1334 1394 carmine
1356 1316 1571 1404 celebrabant,¹
1591 1321 1720 1391 nouitas
1741 1314 1781 1388 ad
1802 1341 1890 1394 noua
1912 1321 2020 1416 rapuit
2035 1344 2095 1390 an.

379 1415 487 1492 denda
501 1437 533 1493 et
548 1426 700 1494 carminis
709 1421 810 1512 lyrici
824 1421 1012 1497 constitutio
1026 1419 1217 1522 sormaque,
1237 1425 1382 1522 nouique
1395 1417 1508 1508 libido,
1533 1445 1595 1492 nec
1613 1443 1686 1492 non
1702 1439 1936 1518 argumentum
1953 1418 2095 1496 odarum
2134 1419 2141 1434 '
2194 1443 2218 1492 ’.

353 1551 357 1560 ’
378 1523 596 1612 inhomines,
620 1525 811 1624 horumque
822 1531 971 1624 patriam,
997 1532 1150 1613 maiores,
1173 1541 1420 1622 moresque-et
1440 1547 1585 1622 quorum
1605 1527 1781 1620 opiniones
1803 1507 1845 1595 de
1865 1524 1959 1597 rebus
1978 1527 2103 1598 huma·

312 1704 321 1729 Ι
378 1630 431 1698 nis
449 1622 632 1727 diuinisque
645 1633 813 1726 patriasac
825 1625 1030 1720 domesticas,
1053 1648 1245 1728 receperunt
1259 1647 1312 1716 aur
1325 1631 1460 1700 carmini
1482 1623 1694 1723 laudibusque
1716 1621 1965 1700 immiscuerunt
1986 1624 2027 1701 ad
2047 1624 2095 1702 fa·

126 1792 130 1800 ,
248 1759 277 1800 ’.
376 1723 471 1803 bulas
492 1725 560 1803 fiue
572 1735 709 1822 mythos
723 1735 802 1804 hinc
815 1730 892 1806 inde
904 1729 1080 1807 mutandos
1097 1754 1130 1806 et
1142 1733 1341 1832 argumentis
1352 1734 1538 1804 carminum
1548 1723 1993 1836 suorumaccommodjndoc
2010 1733 2095 1805 inui-

232 1829 242 1854 ⁸
258 1900 262 1906 ,
379 1847 489 1904 tarunt
502 1851 599 1934 atque
613 1831 828 1932 impulerunt,
850 1854 885 1909 vt
897 1835 995 1910 multi
1008 1839 1117 1931 mythi
1132 1861 1237 1908 nouas
1252 1838 1432 1931 acciperent
1445 1836 1689 1906 immutationes
1702 1857 1772 1904 non
1786 1831 1902 1932 magis,
1927 1861 2026 1933 quam
2041 1861 2107 1908 ac..
2190 1877 2193 1882 ·

380 1931 549 2028 cessiones.
601 1940 681 2036 Qo
698 1942 820 2022 euenit,
845 1935 1365 2040 vtmythologiaconducererad
1388 1953 1581 2035 poematum
1605 1953 1838 2008 ornamentum
1862 1957 1896 2009 et
1915 1935 2103 2036 quasillo,
2198 2004 2207 2031 ,

380 2038 504 2125 oebras,
523 2039 607 2111 crab
620 2041 831 2142 opinionibus
843 2043 1056 2142 popularibus
1071 2069 1109 2114 ac
1128 2021 1467 2140 poetarum·¹rdeoque
1489 2046 1689 2140 tragicorum
1710 2043 1845 2138 ingenio
1866 2043 1973 2112 anuas
1994 2047 2095 2114 nutri·

377 2159 425 2214 tas
436 2137 618 2215 mutatasue
632 2138 814 2218 adsumeret
826 2139 962 2218 formas.
1014 2150 1223 2248 Qaproprer
1232 2139 1467 2244 mythologice
1476 2139 1549 2218 vsus
1564 2137 1649 2243 apud
1665 2147 1806 2244 tragicos
1816 2131 1888 2220 adn
1900 2140 2026 2246 semper
2039 2145 2097 2220 ad·

376 2240 549 2320 hibebatur·
556 2242 597 2354 ad
610 2243 780 2345 religionis
796 2245 995 2324 dodonam.
1017 2249 1118 2325 Harl.
1584 2283 1593 2295 ·
1881 2245 1895 2280 ⁵

400 2381 432 2514 ,'
481 2436 526 2510 V.
548 2437 753 2538 Pythagorae
767 2433 926 2539 dogmata
940 2379 1125 2538 sequutum,
1149 2434 1279 2512 testatur
1293 2431 1401 2512 Cicero
1415 2433 1471 2512 lib.
1479 2423 1527 2510 ll.
1540 2425 1639 2506 Tusc.
1660 2429 1779 2532 quaesb
1807 2397 1879 2533 cap.
1893 2455 1943 2509 ro.
1970 2431 2013 2508 V
2008 2438 2094 2518 emat
2131 2413 2137 2425 κ
2222 2453 2224 2458 ’
2270 2497 2278 2524 ,

356 2533 568 2636 ‘'Afisrpsrrr,
593 2563 657 2610 non
670 2540 904 2639 Poerasosam,
925 2542 989 2638 sed
1010 2547 1104 2615 eriora
1126 2543 1369 2641 &sagorum
1389 2541 1439 2641 fir
1458 2542 1539 2611 enim
1560 2543 1741 2620 accepimus.
1800 2541 1845 2610 Ni
1869 2541 1987 2610 Cicero
2007 2533 2095 2614 sorte

283 2661 288 2668 ·
378 2635 587 2732 Aeschylum
597 2645 781 2740 Tragicuur
797 2641 947 2718 confudit
962 2671 1040 2718 cum
1053 2644 1154 2720 altero
1169 2641 1348 2738 Aeschle,
1362 2645 1571 2750 Hippocratis
1581 2641 1655 2713 Chii
1665 2635 1835 2738 discipulo,
1857 2639 1899 2713 de
1915 2665 1983 2740 quo
1996 2636 2093 2740 supra

318 2758 324 2768 ·
362 2747 547 2839 capillis.
571 2741 796 2840 [Aeschylum
819 2755 964 2823 carmina
978 2745 1035 2823 sua
1050 2745 1442 2847 traditurum'polleritati
1467 2747 1627 2817 eximium
1640 2737 1733 2822 fuisse
1746 2737 1995 2843 philosophum,
2008 2740 2095 2822 hisce

377 2843 511 2920 teslatur
521 2850 707 2920 Athenaeus
720 2850 776 2924 lib.
789 2852 878 2926 vrtl.
894 2879 965 2952 cap.
980 2870 1031 2936 18.
1053 2879 1085 2948 p.
1098 2876 1169 2943 347.
1184 2855 1223 2926 E.
1234 2854 1270 2925 F.
1285 2877 1326 2924 ex
1340 2846 1488 2922 versione
1502 2847 1619 2919 latina:
1640 2903 1658 2934 „
1668 2851 1740 2919 Nos
1753 2872 1832 2918 vero
1841 2843 1968 2946 semper
1979 2853 2093 2928 animo
2132 2927 2134 2930 ,

378 2947 546 3023 voluimus
562 2952 715 3046 elegantis
736 2971 768 3024 et
788 2953 924 3050 illustris
945 2952 1098 3045 Aeschyli
1117 2953 1255 3038 dicium,
1290 2945 1355 3032 (rei
1379 2953 1426 3033 ab*
1445 2951 1544 3031 καλὲ
1563 2939 1623 3046 roei
1641 2952 1795 3052 λαμπςὲ
1815 2943 2012 3047 hagino)
2038 2958 2095 3050 qul

376 3045 449 3124 suas
467 3050 646 3152 tragoedias
660 3051 890 3130 effeiaoiabat
902 3055 1153 3158 magnificarum
1162 3059 1307 3128 Homeri
1326 3080 1504 3128 coenarum
1515 3049 1625 3137 srulla,
1640 3048 1803 3152 (τεμάχη
1817 3045 1896 3154 eiras
1912 3055 1977 3131 riis
1991 3045 2096 3156 ‘Opal-
2191 3123 2193 3132 .

96 3147 98 3159 Ι
236 3227 240 3233 .
379 3184 423 3258 ξε
438 3148 797 3254 omniacisavctv.)
832 3141 1492 3258 EximiussanephilosophusAeschylus
1507 3153 1583 3243 suit,
1610 3162 1666 3256 qui
1690 3163 1726 3228 in
1747 3157 1878 3255 agendis
1898 3153 2014 3230 sabulis
2036 3159 2093 3231 ali.

297 3316 303 3329 ,
379 3255 515 3356 quando
528 3259 649 3333 iniullis
663 3255 830 3362 suffiagiis'
839 3265 879 3336 ab
894 3261 1075 3337 aduersario
1093 3259 1268 3360 superatus,
1290 3284 1325 3336 vt
1338 3265 1453 3338 auctor
1464 3258 1508 3334 est
1526 3255 1857 3354 Theophrastusliue
1880 3258 2092 3358 Chamaeleo‚
2157 3301 2159 3306 v

268 3375 310 3456 ζ·
377 3358 465 3451 libro
481 3359 707 3460 deuoluptate,
724 3371 865 3462 tempori
880 3361 914 3440 se
927 3363 996 3440 suas
1011 3363 1193 3466 tragoedias
1207 3360 1407 3452 consecrare,
1429 3357 1558 3470 (χςὸνῳ
1575 3356 1646 3441 acis
1659 3353 1860 3467 τραγῳδίας
1873 3355 2093 3463 siverrSr'ray)
2175 3381 2178 3388 '

377 3459 473 3559 dixit,
505 3491 576 3538 non
596 3469 739 3567 ignarus,
765 3467 857 3542 olim
872 3476 1026 3544 meritum
1041 3467 1208 3542 honorem
1223 3468 1429 3568 adepturas.“
1480 3467 1618 3539 Fabulae
1641 3463 1726 3562 apud
1748 3469 1937 3539 Homerum
1960 3465 2094 3542 cuidam

340 3571 344 3576 ’
376 3568 419 3640 ab
433 3563 599 3659 Aeschylo
613 3590 717 3645 totam
731 3571 944 3671 tragoediam,
967 3576 1201 3672 Ψυχοςασῖαν
1213 3566 1409 3670 inscriptam,
1434 3565 1528 3643 fuisse
1545 3563 1851 3656 adcommodatum,
1884 3588 1991 3642 narrat
2011 3573 2094 3643 Psa-

184 3676 210 3760 ,⁹
314 3767 317 3771 .
376 3673 506 3742 aaran
519 3669 561 3744 de
573 3670 741 3745 audiendis
754 3681 873 3772 poetis,
898 3703 929 3774 p.
950 3703 1000 3770 59.
1024 3675 1091 3750 vol.
1105 3681 1163 3746 Vs.
1184 3673 1262 3749 edit.
1286 3675 1394 3747 Reisk.
1420 3673 1543 3764 Harl]
1617 3673 1720 3743 Porro
1743 3698 1762 3743 e
1785 3669 1936 3746 Platonis
1956 3669 2012 3749 lib.
2028 3669 2092 3768 [P]

330 3841 334 3848 .
374 3774 419 3846 ll.
435 3769 476 3844 de
491 3774 629 3873 Republ.
644 3769 919 3864 subxextremum,
943 3776 1088 3879 adparet,
1113 3781 1153 3851 ab
1167 3804 1209 3849 eo
1226 3769 1337 3852 referri
1353 3781 1434 3848 inter
1448 3793 1573 3874 poetas,
1606 3798 1751 3873 quorum
1766 3773 1963 3861 ledlionem,
2003 3773 2093 3874 quod

376 3869 420 3946 de
437 3871 498 3949 diis
512 3902 631 3973 parurn
648 3900 832 3953 reuerenter
844 3869 1035 3980 loquantur,
1059 3877 1316 3954 interdicendam
1339 3884 1495 3951 iuuentuti
1514 3874 1694 3963 exillhnat,
1727 3900 1759 3950 er
1783 3903 1928 3978 quorum
1949 3875 2093 3954 dramata

332 4049 337 4055 ,
374 3975 463 4052 nolit
477 3979 606 4076 publice
620 3976 729 4052 doceri
743 4001 797 4055 aut
811 3976 955 4081 speslari.
1005 3987 1111 4056 Etiam
1127 3981 1213 4081 apud
1230 3977 1437 4056 Athenienses
1458 3984 1630 4076 impietatis
1650 3975 1845 4064 accusatum,
1871 3987 1926 4054 vix
1948 4005 2093 4080 poenam
2129 4023 2133 4028 ·
2165 3967 2175 3984 ¹

375 4082 487 4178 eapitis
501 4077 631 4166 euasisse
651 4081 876 4160 intercessrone
894 4080 1000 4158 sratris
1017 4090 1248 4178 Amyciaew),
1275 4103 1379 4158 narrat
1403 4078 1625 4156 Aelianurlib.
1639 4085 1681 4158 V.
1705 4089 1829 4158 Variar.
1853 4109 1924 4182 cap.
1947 4111 1997 4180 19.
2024 4083 2092 4160 siue

259 4193 266 4221 ²
375 4180 468 4282 quod
483 4180 707 4273 Eumenidum
726 4188 867 4261 crinibus
882 4193 994 4289 primis
1006 4215 1128 4288 angues
1143 4187 1284 4277 inseruit,
1309 4185 1376 4260 stuc
1392 4183 1482 4284 quod
1499 4188 1605 4258 choro
1621 4190 1855 4286 quinquaginta
1870 4185 2092 4264 Eumenidum

372 4289 419 4358 ita
433 4291 589 4380 exterruit
604 4283 812 4384 spedlatores,
838 4311 873 4364 vt
900 4287 1039 4365 infantes
1059 4289 1264 4390 deliquium,
1296 4287 1448 4390 grauidae
1470 4291 1622 4364 abortum
1649 4307 1856 4388 paterentur:
1886 4285 1973 4392 srue,¹
1999 4291 2091 4390 quod

216 4409 220 4423 ·
370 4394 501 4490 primus
519 4411 690 4484 poetarum
706 4397 1038 4494 Aegyptiam-potius,
1066 4421 1167 4494 quam
1181 4395 1340 4468 Graecam
1356 4391 1509 4492 sequutus
1528 4395 1764 4490 theogeniam,
1780 4393 1922 4464 Dianam
1942 4385 2035 4466 ausus
2051 4390 2092 4468 fit

371 4517 493 4565 vocare
504 4491 606 4566 filiam
621 4520 693 4568 non
712 4500 866 4585 latonae,
889 4493 941 4570 sed
957 4502 1104 4585 Cereris;
1119 4506 1155 4584 ²)
1181 4495 1248 4571 stuc
1264 4502 1398 4597 potius,
1416 4500 1467 4568 cui
1491 4491 1662 4567 sententiae
1685 4491 1824 4576 eruditus
1846 4495 1971 4570 Aeliani
1994 4493 2092 4570 inter·
2144 4529 2155 4550 =

370 4620 445 4696 pres
459 4597 597 4668 Iacobus
615 4601 802 4673 Perizonius
816 4605 935 4674 merito
949 4599 1175 4723 adslipplatur,
1210 4599 1303 4699 quod
1324 4597 1479 4688 mylleria
1497 4591 1658 4672 Eleusinia
1679 4601 1712 4668 in
1734 4595 1861 4672 theatro
1887 4595 2092 4697 propalasset,

255 4685 258 4695 ¹
309 4784 312 4788 .
371 4694 516 4772 causatus
532 4685 661 4792 deinde,
688 4698 821 4778 sehaud
836 4707 1012 4794 initiatum,
1039 4696 1226 4807 aara'p'ptyroe
1239 4703 1295 4778 illa
1309 4700 1400 4804 quod
1418 4697 1531 4784 essent,
1555 4695 1727 4800 ignorasse,
1753 4721 1787 4774 vt
1807 4697 1927 4813 docent
1948 4702 2092 4879 Cle‘rplrrrs
2178 4713 2182 4724 '

349 4814 359 4845 ⁸
1904 4833 1912 4845 „
2044 4831 2093 4883 cx.

383 4956 456 5056 ⁴⁸0)
472 4939 649 5069 ,Videisaipra
663 4987 700 5048 ad
714 4985 740 5070 §.
756 4990 794 5053 11.
833 5005 840 5012 ·
909 4947 911 4951 -
1254 4987 1308 5052 vbi
1331 4987 1401 5052 uide
1422 4987 1597 5054 Valckenar.
1617 5007 1650 5051 ac
1672 4987 1839 5070 wesseling.
1875 4991 1918 5054 Ex
1936 4991 2093 5060 Herodoto
2224 5059 2226 5062 ,

411 5076 450 5159 x>
468 5067 560 5139 Teste
578 5072 741 5140 Herodoto
758 5075 813 5141 lib.
832 5075 871 5144 11.
896 5093 959 5164 rap.
978 5079 1026 5154 56.
1049 5093 1117 5164 pag.
1140 5083 1204 5151 rac.
1255 5079 1375 5164 reperiit
1393 5075 1426 5144 id
1439 5075 1619 5181 Pausanias
1632 5081 1712 5147 vm.
1725 5099 1757 5162 p.
1772 5083 1842 5158 676.
1862 5073 1985 5166 Harl·
2078 5116 2080 5126 ·
