4700 5809
236 412 238 420 ’
401 442 465 551 ‘238
539 401 614 549 arr.
627 422 678 499 rr.
693 412 887 495 exr'rrr.
1083 410 1305 488 svrrcmrs
1335 408 1451 502 vrrs

265 604 270 611 ⁸
321 628 333 695 .'
408 644 535 719 meque
546 621 630 691 ritae
644 602 870 697 casrbus‚'esse
886 604 1044 679 artificem
1055 588 1163 677 ludius
1177 550 1435 674 scientissimum.
1483 596 1575 677 Hinc
1588 592 1824 695 Qindiilianus
1841 569 2124 694 quoqueiudi‘eat,
2303 596 2315 603 ’

409 724 505 800 illum
530 726 641 807 iniis,
666 720 722 818 qui
742 708 949 799 miseratione
970 705 1137 800 comiant,
1162 700 1226 779 esse
1248 697 1345 775 sacile
1364 703 1588 801 praecipuum.
1621 694 1712 773 cons.
1724 697 1931 793 Leffiagirrm,
1957 703 2128 798 optimum

225 900 235 927 Ι
409 825 630 899 Aristotelicae
643 825 717 895 artis
730 822 877 921 poeticae
897 816 1125 913 interpretem,
1150 812 1203 881 in:
1226 798 1491 904 Hamburgische
1504 805 1757 901 Dramaturgie‚
1780 820 1863 901 part.
1877 804 1902 874 l.
1928 828 1960 901 p.
1974 815 2038 896 389
2054 795 2124 900 sqq.

331 986 334 989 -
408 936 516 1030 Copia
530 934 630 1027 igitur
652 926 826 1011 orationis,
852 912 1082 991 sententiarum
1144 915 1262 985 auitate
1283 915 1455 1009 animique.
1471 905 1615 981 motibus
1638 902 1760 999 ciendis
1757 902 1918 1011 ,praestat
1938 902 2127 1002 Euripides:
2177 989 2182 1002 ,

409 1033 594 1135 Sophocles
607 1026 694 1103 vero
709 1024 897 1128 οἰκονομίᾳ,
928 1016 1080 1095 dislionis
1114 1016 1293 1090 ublimitate
1316 1032 1349 1086 et
1368 1016 1582 1112 temperantia
1603 1015 1637 1089 iu
1660 1003 1855 1083 exornandis
1877 1010 2125 1081 charadierihus.

410 1143 536 1210 Verum
551 1136 701 1207 Reisiirts
718 1132 855 1203 inseris
873 1120 973 1197 Erud.
987 1114 1136 1221 Lipsreus.
1151 1132 1242 1211 1748.
1262 1144 1297 1217 p.
1311 1138 1365 1208 545
1383 1110 1429 1216 sq.
1444 1135 1476 1188 et
1492 1120 1529 1187 iu
1549 1108 1686 1215 praefat.
1699 1109 1741 1185 ad
1754 1107 1991 1185 Animaduerss.
2005 1110 2047 1182 ad
2060 1115 2125 1182 Eu·

210 1290 214 1297 ·
285 1268 295 1286 ‘
410 1239 552 1342 ripidam
567 1242 688 1311 nimius
703 1229 767 1307 suit
783 1238 818 1304 in
833 1224 998 1327 culpando
1011 1221 1166 1323 Euripide
1180 1224 1402 1322 peccatisque,
1426 1244 1511 1319 quae
1529 1214 1664 1317 quidem
1684 1216 1734 1289 illi
1747 1213 1957 1306 ridebantur,
1981 1241 2133 1314 quorum-

412 1368 525 1422 tamen
541 1344 683 1444 plurima
699 1336 755 1409 vel
767 1320 910 1409 excusari
932 1324 1091 1431 possunt,
1110 1327 1164 1400 vel
1178 1324 1276 1398 nulla
1286 1316 1378 1417 sunt,
1401 1314 1614 1403 recensendis.
1662 1321 1779 1407 Multo
1794 1317 2011 1405 moderatius,
2035 1340 2127 1419 prae·

248 1502 253 1510 =
274 1508 277 1513 -
408 1450 498 1523 clare
521 1446 803 1543 intelligenterque
822 1435 862 1541 de
883 1436 1017 1534 ingenio
1037 1422 1199 1529 Euripidis
1219 1432 1352 1528 eiusque
1370 1428 1555 1518 virmtibus,
1579 1428 1765 1527 quaeritiis
1786 1401 1965 1524 praeliant,
1991 1428 2126 1522 poeticis

411 1555 473 1629 eel.
490 1553 583 1625 Beck.
596 1538 634 1622 in
648 1546 739 1620 diatr.
752 1545 862 1615 critica·
877 1536 919 1609 de
934 1528 1062 1617 Rheso,
1088 1530 1121 1633 §.
1139 1534 1212 1602 Vll.
1227 1527 1358 1605 iudicat.
1379 1621 1381 1624 Ι
1409 1527 1543 1603 Erudita
1556 1526 1751 1629 quoque'esl
1763 1530 1813 1605 Io.
1827 1529 1987 1602 Fridtriti
2003 1528 2135 1619 Harm-

289 1712 292 1723 .
403 1658 502 1755 scidii
520 1669 702 1743 comment.
715 1642 873 1743 exemplis
891 1666 933 1713 ex
950 1634 1115 1737 'Euripidis
1135 1631 1310 1734 tragoediis
1330 1635 1435 1734 petitis
1455 1653 1553 1734 atque
1570 1632 1744 1733 explicitis:
1768 1627 1931 1728 Euripidis
1955 1635 2128 1729 ingenium
2166 1654 2169 1659 ·

411 1759 453 1849 ad
477 1758 604 1830 hristus.
626 1758 717 1828 Poct.
738 1776 809 1849 cap.
826 1746 912 1819 Xlll.
926 1767 959 1833 4.
984 1744 1123 1815 breuiter
1139 1736 1396 1813 adumbratum..
1408 1735 1493 1836 Lips.
1510 1746 1602 1828 ¹789·
1624 1750 1657 1825 8.
1727 1737 1823 1818 Cum,
1841 1732 2008 1835 Sophocle
2027 1740 2127 1835 igitur

284 1918 293 1939 .
383 1860 615 1959 tragoediam
629 1862 695 1943 Gra
735 1878 832 1927 orum
847 1840 1186 1948 persecitEuripides3
1211 1862 1308 1939 atque
1320 1841 1368 1915 illi
1384 1836 1550 1913 duumuiri
1567 1836 1620 1927 id,
1645 1835 1735 1940 quod
1748 1832 1928 1931 Aeschylus
1948 1835 2126 1937 prudenter

300 1962 310 1969 ’
411 1950 691 2067 auspicatuserat,
728 1956 850 2029 eliciter
864 1946 1087 2053 sapienterque
1102 1944 1143 2017 ad
1156 1940 1395 2049 perseiiionem
1410 1942 1640 2042 perduxerunt.
1692 1946 1738 2011 Vt
1750 1967 1830 2014 vero
1845 1938 2024 2034 Aeschylus
2044 1962 2128 2017 tam·
2267 1982 2282 2003 ·

182 2152 184 2159 ,
305 2064 333 2081 “’
413 2096 514 2173 quarn
531 2065 607 2140 sons
621 2082 752 2138 exortus
766 2058 832 2141 esi,
854 2082 894 2129 ex
908 2078 977 2153 quo
989 2048 1172 2153 Sophocles
1190 2069 1287 2148 atque
1302 2045 1473 2147 Euripides
1484 2039 1677 2129 hauserunt,
1696 2039 1906 2145 fabulasque,
1930 2065 1964 2119 at
1982 2072 2060 2118 curn
2071 2076 2130 2119 va·

259 2214 266 2251 .·
412 2181 522 2247 rietate
536 2163 725 2268 diuerseque
738 2165 963 2264 plurimorum
976 2173 1251 2254 argumentorum
1266 2143 1493 2251 dispositione,
1518 2144 1754 2223 resumserunt:
1779 2153 1824 2226 ita
1837 2146 2006 2247 Euripides
2020 2150 2074 2223 vel
2090 2160 2128 2227 jn

202 2334 204 2343 ‚
411 2276 568 2353 sorrnulis
581 2274 758 2347 verborum
773 2286 805 2338 et
821 2264 977 2337 strunura
992 2261 1153 2360 inprimis
1169 2252 1422 2356 frequenterque
1436 2258 1579 2327 imitatus
1598 2253 1646 2325 est
1668 2247 1882 2348 Aeschylum.
1896 2248 1980 2325 ¹vide
1997 2253 2039 2325 V
2033 2258 2130 2328 aitis.

179 2408 181 2415 ’
315 2402 322 2421 “
412 2408 482 2459 star.
497 2377 537 2461 ad
552 2371 714 2475 Euripidis
725 2363 914 2453 t'hoenitias
928 2368 1001 2457 546.
1017 2390 1049 2463 p.
1064 2370 1139 2451 20'4
1191 2357 1285 2433 ldem
1300 2362 1458 2431 tamenin
1478 2355 1610 2435 historia
1632 2352 1776 2456 sequitur
1792 2352 1957 2449 interdum
1972 2359 2127 2450 Cyclicos
2157 2402 2172 2429 .

413 2486 579 2584 aliosque,
604 2484 683 2553 erin
697 2470 829 2554 diuersis
843 2464 1017 2569 tragoediis
1034 2458 1162 2541 diuerso
1183 2460 1290 2536 modo
1310 2488 1360 2533 res
1380 2480 1499 2533 narrat.
1525 2457 1590 2533 vid
1606 2459 1650 2533 V
1644 2461 1797 2533 alannae.
1820 2462 1855 2532 in
1873 2462 2019 2547 Diauibe
2035 2466 2129 2537 Euri.

414 2588 509 2691 pidea
526 2615 558 2687 p.
573 2606 622 2681 aq,
639 2588 677 2655 A.
690 2585 754 2663 268
770 2572 813 2677 sq.
828 2596 859 2648 et
877 2601 909 2671 p.
926 2584 995 2653 180.
1012 2574 1052 2643 C.
1104 2566 1198 2640 Idem
1219 2563 1295 2639 ibid.
1318 2593 1388 2665 cap.
1403 2568 1449 2636 lV
1464 2604 1514 2620 -
1530 2566 1587 2637 VI.
1610 2560 1707 2637 docte
1726 2556 1929 2665 persequitur
1948 2563 2066 2664 placita
2085 2564 2136 2641 de·
2276 2643 2283 2649 ,

347 2697 348 2705 ’
415 2696 508 2769 rebus
522 2689 640 2763 diuinis
663 2711 701 2756 ac
721 2684 895 2765 humanis,
921 2700 1004 2777 quae
1018 2670 1189 2773 Euripides
1201 2696 1244 2743 ex
1265 2665 1432 2769 disciplina
1449 2672 1664 2764 Anaxagorea
1683 2686 1861 2767 acceperat.
1913 2670 2024 2768 Qam
2046 2672 2128 2743 bene

412 2800 569 2870 exercitus
583 2798 608 2863 is
626 2784 771 2861 fueritin
785 2785 924 2855 Socratis
945 2778 1118 2877 palaestra,
1142 2800 1241 2875 quam
1262 2771 1369 2845 multa
1388 2789 1559 2872 praecepta
1582 2768 1623 2842 ad
1644 2774 1811 2844 ciuitatem
1832 2770 2063 2871 corrigendam
2083 2779 2130 2846 vi·

267 2910 268 2913 ’
414 2924 549 3001 tamque
562 2890 741 2992 regendam
756 2884 844 2961 vtilia
857 2882 933 2955 inde
946 2876 1007 2953 suis
1023 2872 1450 2975 iru'rniscuerittragoediis,
1474 2880 1542 2947 iam
1562 2867 1827 2948 animaduersum
1846 2872 1902 2947 est.
1950 2879 2131 2975 Quaero
2203 2934 2207 2939 1

254 2994 259 3004 ,
414 3002 541 3078 sac‘lum
565 2996 630 3085 est,
655 3014 690 3067 vt
708 2988 830 3092 saepius
851 2984 1025 3061 discederet
1044 2986 1085 3055 ah
1095 2977 1258 3073 Aeschylo
1278 3000 1309 3051 et
1324 2977 1502 3077 Sophocle.
1555 2971 2077 3076 ViciffiurEuripidemetGraeci
2098 3001 2132 3055 et

416 3109 581 3189 Romani,
605 3120 673 3173 tarn
687 3096 804 3194 ligata,
831 3117 930 3191 quarn
945 3087 1081 3161 vinculis
1095 3080 1201 3159 soluta
1214 3088 1364 3157 oratione
1383 3079 1446 3166 vsr,
1469 3082 1586 3153 crebro
1604 3086 1720 3153 imitati
1736 3108 1776 3153 ex
1792 3082 1851 3155 illo
1872 3101 2041 3181 tamquam
2055 3081 2130 3159 lim.

380 3234 385 3247 ·
416 3209 495 3311 pido
513 3204 606 3301 sonte
618 3196 793 3275 hauserunt
807 3191 927 3294 suaque
944 3212 1034 3291 prata
1047 3193 1233 3289 irrigarunt.
1260 3185 1324 3260 vid.
1344 3186 1565 3285 Wytttulrocsr.
1587 3181 1628 3256 ad
1649 3184 1809 3257 Plutarch.
1831 3182 1873 3257 de
1886 3190 1918 3258 S.
1936 3192 1979 3260 N.
1997 3189 2038 3260 V.
2054 3214 2131 3287 pag.

414 3342 450 3409 ¹7
465 3308 533 3414 sqq.
561 3306 793 3397 Valckenarius
813 3298 846 3371 id
867 3304 902 3371 in
915 3294 1059 3370 Diatribe
1073 3285 1389 3393 posl'Hippolytum
1406 3286 1503 3361 docet
1523 3317 1556 3386 p.
1576 3313 1639 3361 aar.
1654 3308 1723 3361 not.
1737 3317 1769 3387 p
1784 3312 1850 3377 252.
1864 3310 1934 3363 not.
1943 3320 1995 3366 ,ae
2009 3316 2069 3381 ara
2083 3288 2130 3393 sq.

416 3422 576 3511 Statium,
602 3432 633 3487 et
652 3432 729 3509 pag.
742 3430 788 3501 35.
801 3407 992 3477 Vitruuiuan
1014 3391 1195 3499 expreffilse
1214 3390 1382 3468 sententias
1403 3386 1604 3492 Euripidem.
1654 3388 1846 3488 Euripidem
1863 3418 1995 3494 quoque
2014 3399 2131 3469 imitati

311 3514 316 3524 ’
413 3520 490 3597 sunt
504 3520 667 3595 Charisius
681 3518 715 3585 in
730 3511 811 3583 locis
825 3510 907 3581 hene
919 3503 1044 3598 multis,
1062 3528 1086 3573 a
1105 3498 1298 3595 Villoffoaio
1314 3503 1347 3569 in
1361 3491 1484 3570 hnecd.
1498 3520 1605 3594 graec.
1624 3515 1706 3567 torn.
1722 3497 1762 3568 11.
1784 3495 2020 3597 promulgatis,
2045 3518 2078 3572 et
2091 3506 2132 3573 iu

415 3624 534 3711 indice,
547 3650 619 3695 voc.
634 3612 817 3715 Euripides,
833 3607 988 3693 indicatis,
1002 3628 1034 3681 et
1052 3602 1299 3680 CsrmmrAicx.
1317 3606 1353 3672 in
1366 3602 1413 3672 H.
1428 3605 1462 3670 in
1475 3596 1721 3697 Paedagogum.
1755 3599 1979 3697 Prologorum
1996 3600 2132 3704 quidem

293 3802 300 3812 ,
415 3728 548 3825 vestigia
560 3732 626 3797 iarn
641 3718 796 3821 adparent
810 3720 844 3787 in'
862 3695 1047 3804 Aeschyleis
1063 3727 1095 3779 et
1109 3704 1301 3806 Sophocleis
1315 3699 1450 3795 sabulis;
1473 3722 1505 3774 et
1517 3699 1688 3801 Euripides
1708 3698 1844 3775 illorum
1867 3698 1932 3779 suit
1951 3706 2131 3804 louge'siu·
2153 3745 2156 3753 .

417 3826 559 3923 diosna,
581 3850 701 3923 eosque
723 3818 877 3891 omnibus
898 3809 961 3887 suis
983 3805 1177 3910 tragoediis,
1207 3826 1336 3909 praeter
1358 3809 1561 3907 Iphigeniam
1584 3804 1692 3879 solid.
1714 3823 1748 3880 et
1765 3801 1934 3895 Rhesum,
1959 3814 2066 3905 (cuius
2087 3832 2132 3883 ra.

408 3918 681 4015 men'aurrorem
701 3916 794 3995 suiffe
816 3915 983 3999 nostrum,
1008 3920 1078 3987 iure
1098 3932 1222 4011 negant
1235 3916 1310 3985 VV.
1326 3914 1418 4003 DD.)
1442 3910 1607 4009 praefixit:
1631 3934 1688 3983 eos
1704 3930 1823 3991 samen
1841 3906 1935 4011 saepe
1952 3910 2015 3987 esse
2033 3918 2133 3987 nimis
2252 3966 2256 3971 -

294 4036 299 4065 ¹
416 4028 593 4122 verbosos,
617 4026 666 4107 sui
688 4022 827 4107 ssmiles,
852 4010 1049 4121 limuisses
1065 4016 1130 4095 raia
1144 4012 1311 4105 εἰσβολῶν
1326 4017 1392 4094 τῶν
1405 4005 1593 4115 δραμάτων
1609 4017 1794 4114 carpitam
1807 4015 1977 4111 Arr'stoplr.
1993 4023 2026 4091 in
2048 4023 2140 4096 Ram·

363 4141 374 4159 '
398 4196 403 4215 .
417 4144 525 4237 1230.)
542 4164 605 4214 nec
619 4128 772 4210 accedere
784 4122 827 4199 ad
844 4129 1052 4221 Homeream
1067 4120 1241 4221 Sophoclis
1253 4118 1476 4204 maiestatem,
1496 4133 1591 4192 no'tat
1606 4116 1648 4191 V
1645 4118 1760 4191 aleten.
1784 4122 1819 4190 in
1838 4120 1944 4195 Diatr.
1957 4122 2134 4223 Euripidea

418 4278 453 4351 p.
470 4271 521 4341 9²·
575 4236 668 4317 Adde
687 4232 729 4307 de
754 4234 855 4324 vitiis,
885 4248 938 4317 et,
962 4252 1044 4329 quae
1069 4226 1250 4310 eminent,
1268 4224 1438 4297 virtutihus
1458 4218 1684 4321 Prologorum
1706 4218 1959 4322 Euripideorum
1980 4228 2134 4329 Sraisgcri

176 4398 181 4407 ι
418 4332 540 4425 Poetic.
555 4343 611 4420 lib.
625 4346 653 4416 1.
674 4341 729 4439 qui
744 4334 788 4408 est
804 4334 991 4419 hillericus,
1016 4358 1088 4429 cap.
1102 4330 1157 4399 xt.
1181 4326 1319 4430 Hrdclirs
1332 4327 1559 4424 mmigrat,
1582 4322 1623 4396 de
1637 4324 1668 4397 la
1679 4330 1799 4426 pratiq'.
1811 4320 1855 4399 du
1869 4329 2017 4403 Theatra
2037 4332 2093 4403 lib.
2107 4334 2133 4407 i.
2220 4378 2231 4392 .

418 4482 490 4557 cap.
505 4480 538 4545 7.
564 4470 595 4523 et
609 4447 666 4533 lib,
681 4444 738 4513 lll.
752 4466 821 4539 cap.
838 4463 865 4530 ς.
892 4434 1025 4529 Leffirg.
1041 4438 1076 4505 in
1091 4436 1305 4528 Dramaturg.
1321 4434 1346 4505 l.
1368 4456 1418 4503 ur.
1433 4457 1463 4520 7.
1478 4444 1532 4518 48.
1547 4454 1601 4520 49.
1628 4447 1661 4501 et
1680 4428 1721 4501 cl.
1737 4427 1821 4523 Nqst
1839 4426 1912 4506 diss.
1931 4428 1999 4506 siue
2020 4428 2135 4509 Obsce.

198 4570 219 4629 “.·
361 4589 370 4597 ·
418 4580 495 4635 vatt.
512 4562 631 4628 iurem
646 4550 804 4645 tragicam
821 4544 1049 4627 Graecorum,
1075 4536 1106 4631 §.
1123 4559 1176 4607 20.
1194 4536 1329 4633 quiaq.
1349 4556 1393 4624 [7.
1417 4558 1490 4631 pag.
1507 4554 1546 4621 34
1560 4524 1628 4631 sqq.
1652 4532 1802 4631 pulcram
1824 4534 1957 4608 instituit
1972 4538 2135 4655 Euripidis

300 4731 303 4741 ,
418 4689 495 4736 cum
510 4658 640 4757 reliquis
654 4646 779 4725 duobus
798 4648 928 4743 tragicis
942 4632 1247 4739 comparationem,
1274 4657 1306 4733 et
1319 4632 1433 4738 paffim
1446 4633 1661 4733 deEuripidis
1677 4630 1794 4709 sabulis
1809 4635 1982 4735 diligenter
1996 4636 2145 4733 disserit3x

347 4842 350 4853 ,
419 4764 631 4869 paragraphis
646 4774 757 4830 autem
774 4764 870 4845 28.et
885 4775 936 4841 29.
951 4744 992 4817 de
1007 4748 1142 4825 unitate,
1166 4768 1268 4842 quam
1291 4760 1458 4815 vocantes
1477 4732 1689 4835 transgressus
1707 4738 1752 4812 eii
1765 4733 1953 4841 Euripides,
1977 4756 2137 4849 temporis

160 4888 166 4896 '
201 4928 205 4935 -
363 4896 367 4900 ·
392 4859 399 4873 .
419 4873 507 4968 agit,
532 4886 563 4937 et
583 4862 695 4934 Heraii
709 4848 900 4955 censuram,
925 4854 972 4937 (in
986 4851 1166 4946 Praeceptis
1183 4849 1327 4929 critices,
1354 4842 1586 4938 Graadfiitzm
1597 4842 1656 4913 der
1671 4841 1810 4930 Critias,
1833 4868 1917 4943 part.
1930 4848 1989 4922 ΙΙΙ.
2003 4876 2073 4951 cap.
2088 4876 2137 4942 23,

339 5002 348 5025 s
419 5002 452 5075 p,
463 4956 525 5063 v341
539 5002 589 5031 .-
603 4968 689 5054 343.)
703 4952 809 5032 adfert
821 4973 918 5055 atque
932 4956 1105 5027 examinat.
1128 5030 1133 5049 Ι
1148 4940 1284 5049 Insuper
1296 4952 1394 5026 rtirnis
1406 4942 1592 5047 frequenter
1606 4945 1702 5044 fingit
1712 4966 1812 5048 poeta
1826 4944 1905 5048 deos
1919 4976 1959 5025 ex
1972 4958 2137 5045 machina,

1529 5094 1533 5097 ’
1765 5101 1771 5110 ·
1865 5103 1871 5129 ·.
2009 5106 2015 5115 ·
2073 5088 2137 5162 qul
