4700 5809
296 507 301 515 ·
370 511 434 577 100
534 487 608 566 tar.
616 489 670 572 11.
683 513 711 566 ι.
722 487 816 566 κν.
942 493 1191 572 mrrtours
1223 454 1551 602 iuuentutem
1602 436 1605 446 ⁵
1654 539 1669 573 κ.

241 681 245 688 ’
370 691 459 773 ¹78¹·
485 677 678 776 Degeniana
687 677 714 754 1.
738 679 921 780 Etlaugae,
946 696 979 769 8
1006 684 1160 765 exhibent
1172 701 1297 758 textum
1311 687 1534 760 Brunckianae
1552 678 1720 773 secundae,
1742 685 1784 774 et,
1827 695 1879 767 uia
1895 697 2093 770 maximeiu

104 823 110 830 -
264 812 270 823 ⁸
389 869 399 881 .
474 787 633 856 iuuenum
647 778 741 855 usum
754 786 945 885 parebatur,
964 785 1113 864 ledlionis
1131 791 1321 862 varietatem
1334 795 1463 864 tautum
1476 784 1649 890 seledlem,
1671 817 1748 862 cunt
1764 714 1872 868 indice
1891 793 2094 896 plenissime,

473 913 515 999 ex
534 909 602 988 quo
617 886 829 986 intelligentia
840 909 958 990 poetae
973 895 1167 998 lrauriretut.

220 1073 231 1081 -
341 1015 463 1116 '1782
488 1021 562 1094 Hui
586 1025 682 1108 iura,
706 1017 850 1120 Lipsiae,
876 1038 907 1108 8.
925 1031 1002 1098 mai.
1038 1027 1110 1099 rot.
1125 1023 1249 1100 Ludw.
1266 1026 1338 1098 Hui
1388 1027 1575 1126 Hamburg.
1603 1008 1675 1100 tum
1698 1025 1805 1100 adhuc
1828 1036 1952 1106 iuuenis
1972 1032 2092 1108 littera·

474 1151 554 1198 rum
569 1119 806 1228 caussaLipllae
823 1123 1139 1229 degene,Baxterum
1155 1133 1299 1202 maxime
1347 1151 1477 1230 quutus,
1491 1133 1569 1202 huic
1583 1127 1718 1205 editioni
1729 1153 1824 1206 notas
1840 1135 1997 1232 adiunxit,
2009 1117 2095 1238 quad·
2129 1145 2135 1152 '

275 1321 282 1328 .
440 1262 455 1282 ··
475 1231 612 1332 poetam
626 1235 735 1329 potius
751 1224 942 1319 obscurant,
968 1260 1069 1336 quam
1084 1231 1266 1323 illustrant,
1293 1225 1444 1306 sermone
1457 1231 1594 1307 horrido
1612 1255 1643 1330 et
1659 1243 1803 1332 maxime
1824 1241 1978 1327 barbaro,
2004 1248 2093 1313 cuiue
2214 1287 2221 1294 -

337 1331 340 1338 ’
397 1393 402 1402 .
474 1332 529 1408 uel
542 1331 693 1432 epistolar
705 1335 777 1408 ilias
796 1329 1012 1411 obscurorum
1024 1343 1174 1411 uirorum
1187 1326 1336 1437 puderet.
1390 1333 1560 1410 Praemiss'a
1576 1336 1812 1438 eilpraefatio,
1838 1347 1872 1430 ira
1886 1367 1949 1444 qua
1972 1349 2007 1414 in
2026 1371 2092 1430 me,

478 1444 537 1539 qui
550 1435 663 1510 itidem
684 1435 793 1510 adhuc
804 1443 931 1514 iuuenis
943 1439 1123 1516 editionem
1135 1435 1318 1542 parassem,
1341 1445 1489 1516 conuicia
1503 1435 1611 1514 sundit
1632 1441 1813 1543 turpissima
1837 1443 1990 1523 sermone
2010 1453 2091 1524 vitiis

474 1562 696 1652 grammaucrs
710 1563 869 1618 tumente.
1794 1567 1800 1576 ·

40 1740 47 1762 .
171 1747 175 1753 ,
245 1628 271 1768 ἱΪ
376 1689 462 1768 1783.
488 1677 684 1772 Spoletiima
699 1679 740 1751 11.
764 1683 850 1779 typis
873 1621 1042 1780 expressa,
1062 1684 1214 1770 quae,
1239 1673 1301 1784 sol.
1321 1705 1409 1753 max.

120 1809 123 1816 ’
375 1826 465 1902 1783.
490 1813 608 1887 Fratre.
626 1811 754 1884 Xeutr.
768 1813 807 1883 de
821 1813 955 1932 Rogati.
988 1815 1125 1901 Collae‚
1151 1811 1298 1918 (oppido
1313 1807 1519 1908 Tuscanae,)
1544 1828 1576 1900 8.
1590 1819 1670 1889 mai.

376 1963 471 2039 1784.
499 1938 707 2045 Bodotriam,
737 1951 891 2040 Parmae,
922 1944 985 2030 fol.
1002 1958 1084 2026 min.
1133 1947 1244 2024 Editio
1263 1944 1535 2048 splendidissima,
1573 1941 1719 2050 expressa
1745 1954 1837 2050 typis·
1858 1951 2037 2026 maiortlrut
2059 1956 2114 2026 in'

311 2075 323 2084 ,
381 2187 384 2194 ,
476 2044 875 2256 ,elgagmqlssegligillsld
894 2053 1172 2210 utilitateparum
1198 2049 1482 2131 conutrendabilie.
1513 2049 1619 2150 (cons
1633 2055 1767 2154 ephem.
1781 2053 1913 2209 litterar.
1934 2049 2019 2157 Lips.
2040 2083 2117 2143 an„
2271 2095 2274 2112 .

376 2295 472 2383 1786.
499 2289 707 2364 Bmcttaaa
720 2290 777 2362 111.
802 2293 1032 2389 Argentorate,
1054 2289 1232 2382 duodenis,
1263 2287 1449 2366 nitidissima
1469 2311 1502 2366 et
1522 2294 1676 2366 omnium
1698 2285 1962 2391 praestantissima
1982 2287 2094 2382 editio,
2222 2307 2226 2322 '

481 2420 609 2470 nouam
622 2413 657 2468 et
670 2400 837 2497 optimam
849 2391 891 2468 ad
905 2397 1120 2472 collationem
1133 2386 1323 2472 adcuratam
1344 2397 1487 2496 exempli
1513 2394 1700 2498 Spalettiani
1719 2399 1785 2468 aeri
1806 2392 1897 2466 incisr
1917 2394 2093 2472 institutam
2215 2405 2220 2416 ”

299 2572 305 2592 Χ
436 2503 441 2512 ’
479 2495 711 2575 recensionem
721 2498 885 2572 exhibens.
935 2497 1066 2575 Eodem
1078 2529 1167 2576 anno
1181 2503 1227 2574 bie
1238 2506 1372 2602 repetita
1395 2499 1451 2574 esl.
1502 2497 1734 2602 Copiosrorem
1757 2492 1926 2572 recensum
1951 2495 2042 2600 leget
2061 2505 2096 2574 iu

477 2601 734 2699 Degeetneuen
753 2597 927 2678 lritischen
939 2607 1172 2680 Nachrichten.
1196 2605 1456 2696 sennanim.
1476 2631 1509 2706 p.
1525 2611 1569 2697 4⁶
1584 2599 1655 2706 sqq.
1676 2611 1678 2616 '
2022 2595 2034 2632 ⁴

339 2725 471 2828 ‘1786
499 2735 691 2833 Degeniuna
711 2739 750 2808 il.
775 2735 953 2836 Erlangae,
980 2751 1011 2824 8.
1062 2737 1196 2827 Fundus
1225 2735 1358 2842 quidem
1388 2735 1434 2813 en
1457 2757 1561 2811 textus
1580 2738 1801 2828 ancltimae
1829 2731 2006 2828 secundae,
2038 2731 2095 2812 sed

305 2917 310 2924 q
453 2861 458 2869 ·
479 2838 592 2912 multis
606 2840 689 2914 locis
703 2839 802 2915 sellio
816 2845 981 2941 antiquior
993 2840 1126 2918 reducta
1143 2863 1178 2918 et
1193 2847 1411 2946 interpundlio
1427 2861 1551 2914 mutata
1567 2839 1630 2928 cll,
1655 2847 1716 2929 ita,
1742 2863 1851 2944 vt-pro
1871 2869 1979 2930 noua,
2005 2839 2095 2944 quod

374 2999 379 3009 .
481 2948 580 3016 etiam
593 2948 628 3016 in
642 2943 753 3018 fronte
765 2945 839 3019 libri
851 2941 1051 3043 significaui,
1076 2945 1263 3024 recensione
1276 2947 1386 3022 haberi
1401 2964 1507 3047 queat.
1559 2948 1664 3020 Porro
1680 2952 1797 3020 tamin
1813 2952 1917 3034 notis,
1943 2973 2027 3048 quae
2041 2965 2097 3020 va·

409 3087 412 3090 ·
478 3051 596 3120 rietatis
610 3048 761 3123 teutonia
773 3043 931 3124 subiectae
943 3055 1106 3125 rationem
1120 3049 1279 3138 reddunt,
1305 3071 1440 3150 poetam
1460 3075 1537 3122 cum
1560 3049 1629 3124 aliis
1649 3069 1681 3122 et
1700 3053 1839 3150 antiquie
1858 3069 1891 3124 et
1910 3055 2096 3126 recentiori·

476 3151 535 3222 bus
549 3171 764 3250 comparant,
788 3179 850 3226 nec
864 3179 936 3226 non
947 3179 987 3226 ex
999 3159 1188 3256 antiquitate
1200 3154 1376 3243 illustrant,
1402 3179 1503 3254 quam
1518 3157 1552 3226 in
1568 3148 1672 3228 indice
1686 3152 1792 3228 multa
1811 3147 1973 3253 superflua
1988 3181 2026 3225 ac
2042 3181 2094 3226 va·

478 3279 520 3324 tra
535 3248 654 3328 resecui
669 3283 823 3355 nouaque
838 3252 946 3328 addidi
958 3277 991 3330 et
1004 3257 1145 3359 denique
1156 3265 1248 3354 caui,
1273 3287 1315 3332 ne
1332 3256 1526 3358 exemplum
1552 3257 1727 3354 posteriue,
1750 3275 1785 3330 vt
1803 3263 1912 3358 ptius,
1938 3261 2020 3330 vitiis
2041 3275 2093 3349 ty-

478 3361 688 3458 pographicis
701 3381 770 3432 tam
786 3355 884 3432 foede
897 3364 1140 3461 inquinaretur,
1164 3357 1220 3434 sed
1236 3367 1377 3437 omnino
1392 3359 1436 3435 fic
1458 3358 1628 3464 prodiret,
1651 3379 1687 3434 vt
1707 3367 1792 3436 inter
1811 3357 2007 3434 commodas
2027 3359 2091 3434 edi·
2122 3370 2125 3378 ’

476 3465 582 3534 tiones
605 3457 710 3563 pollet
728 3469 905 3536 numerari.
1455 3494 1475 3522 ·
2084 3503 2090 3508 ·

378 3581 468 3687 1⁵787.
494 3593 683 3694 Dtgmiauo
697 3601 751 3671 lii.
779 3597 992 3698 Altenlrutgi,
1016 3613 1047 3685 8.
1074 3625 1191 3700 graece
1209 3619 1243 3673 et
1267 3593 1451 3684 theodisce,
1473 3595 1603 3674 adiectis
1625 3593 1818 3696 quibusdam
1833 3625 1873 3672 ex
1887 3587 2091 3699 linthologia

457 3699 676 3774 scarminibus
687 3721 719 3774 et
735 3696 853 3777 scoliis.
906 3705 1035 3776 Textur
1052 3707 1097 3777 eil
1111 3706 1333 3776 Brunckianae
1345 3707 1474 3790 tertiae,
1498 3703 1581 3777 locis
1595 3699 1721 3802 aliquot
1736 3709 1894 3803 exeeptis,
1919 3703 1972 3775 vbi
1993 3703 2092 3780 ledlio
2255 3721 2260 3738 '

475 3809 608 3904 antiqua
623 3808 705 3877 mihi
718 3801 931 3904 praeferenda
946 3801 1079 3916 risqell
1130 3809 1170 3878 ln
1184 3799 1596 3882 animaduersionibus-sub
1612 3807 1713 3879 finem
1730 3803 1888 3882 adiundlis
1906 3803 1948 3880 de
1968 3813 2091 3884 virtuti·

450 3981 453 3984 ⁴
477 3904 536 3978 but
548 3928 581 3980 et
593 3913 677 3980 vitiis
689 3928 807 4008 poetae
824 3915 1019 4011 exponitur,
1042 3935 1081 3982 ac
1097 3907 1138 3984 de
1152 3917 1302 3984 oratione
1315 3931 1347 3984 et
1364 3909 1506 3987 lectione
1525 3905 1696 3983 iudicatur.
2007 3936 2015 3942 ·

360 4049 466 4127 ‘¹782
494 4042 720 4140 Btiegeriuuu,
737 4039 888 4144 Lipsiae,
913 4057 946 4128 8.
972 4072 1049 4121 cum
1065 4041 1644 4148 argumentis,animaduersionibus
1660 4062 1691 4116 et
1710 4037 1818 4117 indice
1837 4039 2003 4120 theodisco
2020 4039 2094 4122 scri·
2224 4137 2227 4144 Ι

483 4151 557 4245 ptis.
607 4146 717 4220 Editio
732 4151 768 4219 in
786 4151 902 4250 primis
924 4153 1072 4222 tironum
1086 4145 1153 4223 vsui
1170 4148 1438 4225 adcommodata.
1543 4239 1551 4254 ,

376 4291 472 4376 1789.
500 4281 688 4378 Burrieno,
711 4279 794 4386 Lips.
809 4299 854 4384 8.
872 4289 1087 4368 Anacreontis
1107 4309 1139 4360 et
1154 4287 1307 4387 'Sapphus
1328 4289 1486 4360 Carmina
1509 4308 1643 4383 graece,
1669 4275 1826 4362 recensuit
1849 4289 1999 4386 notisque
2020 4286 2093 4362 illu·

478 4381 590 4460 strauit
618 4395 780 4489 perpetuis
811 4415 852 4462 ex
878 4395 1012 4486 'optimis
1042 4395 1287 4491 interpretibus,
1325 4391 1440 4492 quibus
1453 4409 1496 4468 ,et
1516 4381 1588 4461 suas
1609 4383 1723 4459 adiecit
1742 4387 1803 4460 Fr.
1828 4387 1964 4460 Gottlob
1982 4392 2090 4490 βου).
2208 4475 2225 4490 ..
2348 4467 2349 4472 ,

476 4483 640 4590 Qa'muis
656 4519 779 4593 parum
789 4489 830 4566 de
840 4488 903 4568 suo
917 4491 1068 4568 adiecerit
1080 4489 1207 4588 editor,
1229 4489 1364 4596 fereque
1383 4499 1496 4566 omnia
1517 4485 1658 4586 hauserit
1678 4517 1717 4568 ex
1740 4489 1829 4577 aliis,
1861 4491 2023 4567 laudanda
2047 4517 2092 4568 ta·
2348 4475 2349 4564 l

479 4619 559 4666 men
573 4601 641 4668 eius
654 4596 700 4672 est
715 4623 832 4699 opera,
856 4624 957 4697 quam
972 4604 1006 4671 in
1020 4595 1199 4698 deligendis
1214 4597 1359 4672 aliorum
1375 4593 1651 4672 obseruationibus
1675 4591 1830 4685 adhrlruit.
1887 4617 1892 4625 ’
2062 4595 2064 4602 '
2345 4587 2349 4711 Ι

325 4818 329 4824 ,
376 4738 468 4824 ¹789·
494 4731 676 4826 Anonymi,
698 4731 862 4811 Berolini.
888 4747 917 4818 8.
959 4735 1151 4808 Anakreons
1170 4731 1295 4809 Lieder.
1327 4725 1515 4808 Grieclrisch
1536 4735 1598 4804 mit·
1619 4735 1726 4803 einem
1748 4727 1987 4828 volllliindigen
2007 4733 2091 4830 grie·

311 4849 314 4855 ·
477 4827 779 4908 chisch-teutschen
794 4839 1030 4936 Wortregiller
1050 4835 1105 4912 fiir
1121 4835 1274 4918 Schulen.
1300 4879 1350 4895 -·
1377 4842 1537 4920 torrens,
1557 4839 1613 4934 qui
1633 4834 1739 4907 editor
1755 4830 1817 4908 effe
1836 4829 1956 4916 fertur,
1982 4838 2015 4904 1'11
2034 4861 2090 4934 p}-

321 4948 324 4956 '
381 5011 389 5021 ,
476 4934 578 5009 tanda
592 4941 656 5010 hac
671 4936 814 5012 editione
818 4942 900 5036 suut
912 4947 1058 5014 maxime
1072 4937 1246 5040 discipulos
1260 4937 1292 5014 se
1305 4935 1503 5040 spedlass'ein
1518 4933 1653 5042 praefat.
1670 4935 1758 5012 dicit.
1809 4939 1856 5008 ln.
1868 4933 1974 5008 indice
1995 4919 2091 5009 voci-⁸

476 5037 552 5114 bula
566 5067 606 5116 ex
620 5037 816 5118 uerilonibus
828 5047 1027 5145 Degenianit
1044 5051 1273 5148 interpretatur
1287 5043 1424 5121 videtur.
1983 5039 1986 5046 ’
2004 5149 2047 5228 ὼ

571 5153 666 5189 ·’
866 5203 873 5211 -
1641 5155 2260 5248 ·,.1189.’ue'''

538 5353 801 5435 lss'.
