4700 5809
844 456 1288 539 '······.··---=·=··--··
1733 451 1975 543 f-rx

114 738 124 745 ,
216 656 406 743 iudicia,
419 655 562 755 quaefi
578 676 668 730 vera
679 652 773 728 sunt
785 668 972 737 certaque
993 668 1030 727 et
1045 650 1341 739 emendationes,
1362 670 1429 730 aut
1445 656 1713 757 supplementa,
1728 662 1872 744 lubens
1889 672 1975 767 qui·
2040 699 2049 707 ·
2074 700 2086 709 ·

200 775 329 851 -dem
348 774 577 875 agnoscam
599 794 721 868 quum
738 766 802 845 ves
818 770 866 844 ab
880 751 1095 847 aduersario
1110 770 1289 869 hosteque
1304 771 1461 865 discet-,e
1484 775 1589 851 haud
1602 776 1813 883 dedeceat)
1835 774 1978 866 eorum

224 917 338 969 vero
364 892 537 969 ludibria
558 904 595 963 et
616 890 776 965 crimina
793 886 976 987 spernam.

363 1123 443 1205 Sed
465 1122 578 1200 missis
600 1122 722 1205 hisce,
750 1118 797 1193 de
823 1119 1127 1205 hoc-volumine
1149 1120 1291 1219 iisque3
1319 1143 1417 1220 quae
1443 1122 1669 1224 sequentur,
1696 1125 1883 1225 quaedam
1910 1132 1969 1208 di·
2053 1154 2057 1164 ·

239 1245 371 1323 centia
397 1244 588 1321 videntur.
607 1240 701 1315 «In
722 1237 797 1313 hoc
823 1236 1021 1311 volumine
1043 1252 1079 1311 et
1100 1235 1288 1321 summos,
1317 1262 1418 1337 quos
1442 1239 1605 1317 Graecia
1627 1242 1733 1329 tulit,
1759 1247 1887 1333 uiros,
1913 1248 1968 1327 le.
2027 1238 2035 1246 “

241 1350 496 1462 gumlatores,
539 1371 688 1459 poetas,
720 1353 940 1451 historicos,
978 1353 1230 1459 philosophqr
1261 1369 1598 1453 atque-oratores,
1622 1342 1854 1458 inquorum
1875 1368 1967 1454 vita,
2029 1425 2035 1433 .

170 1502 177 1509 ·
245 1478 334 1555 satis
354 1480 536 1575 librisque
560 1472 778 1549 enarrandis
794 1472 957 1547 omnino
972 1469 1220 1546 necessarium
1244 1470 1340 1567 suit,
1370 1486 1413 1547 vt
1436 1472 1568 1573 paullo
1591 1476 1733 1553 diutius
1750 1469 1993 1559 commota?

241 1600 395 1697 remur
407 1612 463 1669 ,et
477 1592 619 1669 multos
639 1591 831 1673 homines,
859 1610 1028 1686 quorum
1050 1591 1239 1662 memoria
1253 1590 1318 1663 vel
1338 1591 1476 1688 exigua
1498 1589 1558 1678 est,
1583 1595 1646 1668 vel
1666 1595 1878 1673 admodum
1895 1600 1968 1677 ob·
2044 1652 2051 1662 .

183 1762 186 1767 -
242 1715 373 1799 scura,
403 1710 534 1788 sedeo
558 1708 743 1785 maiorem
766 1704 911 1805 peperit
929 1704 1102 1781 laborem
1122 1722 1237 1803 atque
1262 1704 1542 1793 difficultatem,
1580 1712 1778 1799 recenseri,
1795 1717 1968 1813 quilibet
2001 1738 2009 1745 ·

243 1830 321 1905 sine
347 1830 429 1907 vllo
455 1829 611 1937 negotio
636 1826 796 1925 reperiet
818 1838 932 1920 atque
956 1822 1168 1923 cognoscet
1229 1822 1337 1923 Qrae
1359 1847 1455 1898 vero
1480 1824 1625 1924 singula
1648 1830 1772 1929 capita
1797 1833 1966 1913 aliorum

241 1948 374 2031 ssudio
393 1960 444 2023 et
452 1920 583 2021 labore
606 1940 828 2019 accessiones
852 1942 961 2017 natta
982 1938 1070 2025 sint,
1088 1935 1198 2014 facile
1221 1939 1365 2039 patebit
1391 1964 1438 2015 ex
1462 1941 1586 2020 indice
1607 1944 1820 2044 praemisso.
1877 1950 1964 2027 Pri·
2058 1948 2064 1954 ’

232 2090 356 2141 -ιιιιιιιι
370 2061 487 2164 igitur
500 2062 542 2135 in
560 2061 636 2137 hoc
652 2057 853 2133 volumine
869 2070 985 2167 caput
1001 2056 1049 2131 de
1068 2058 1210 2155 graecis
1232 2058 1546 2157 legumlatoribus
1571 2082 1594 2133 a
1616 2055 1834 2159 RichterO,
1862 2066 1962 2145 Pro.
1996 2120 2006 2127 .

242 2181 380 2259 sessore
401 2178 601 2278 quondam
619 2174 816 2273 Lipsrensi‚
841 2177 950 2251 cuius
976 2188 1257 2273 praematuram
1278 2188 1444 2249 mortem
1463 2176 1595 2277 lugent
1618 2172 1770 2263 Musae,
1798 2180 1969 2281 doeliffi.·

241 2302 317 2377 mis
333 2298 608 2393 vberrimisque
630 2290 961 2373 obseruationibus
977 2288 1279 2367 eslilluslratum.
1334 2290 1465 2390 Atque
1486 2316 1556 2392 ego
1580 2294 1715 2381 doleo,
1743 2312 1867 2374 morte
1890 2302 1964 2377 uti·
2104 2360 2112 2371 .

239 2418 284 2492 hi
299 2426 483 2517 ereptum
494 2410 565 2489 esse
578 2410 725 2485 socium
739 2422 938 2507 promtum
950 2422 1203 2508 paratumque
1226 2430 1310 2485 nort
1332 2406 1481 2494 minus,
1511 2432 1628 2509 quam
1648 2411 1864 2512 eruditum,
1891 2419 1961 2516 qui
2099 2450 2119 2465 ‘
2158 2494 2166 2501 ,
2234 2396 2239 2407 ’

237 2558 324 2611 non
348 2532 473 2613 solum
495 2528 655 2626 reliqua
663 2527 805 2659 capita,
833 2550 931 2624 quae
956 2525 1005 2601 ad
1028 2500 1367 2626 iurisprudentiarir
1389 2526 1562 2627 legesque
1588 2550 1737 2627 graecas
1759 2533 1960 2629 pertinent,

237 2652 303 2727 sed
318 2648 507 2747 quaedam
521 2668 696 2744 quoque,
720 2644 761 2717 in
777 2641 917 2742 quibus
932 2643 978 2717 de
993 2630 1177 2718 irisloricis
1199 2644 1339 2741 graecis
1359 2645 1504 2744 agitur,
1534 2642 1768 2721 retractanda
1788 2647 1960 2752 locuple·
1966 2664 1970 2675 '
1988 2732 1992 2737 ,

240 2768 433 2865 tandaque
445 2764 664 2866 susceperat
722 2756 851 2861 Caput
869 2759 916 2835 de
931 2759 1164 2861 Hippocrate
1180 2761 1292 2857 plane
1312 2762 1696 2859 immutatumatqlre
1718 2768 1864 2865 egregie
1886 2769 1961 2845 ela·
2189 2844 2194 2851 ,

241 2874 422 2963 boratum
440 2884 636 2957 auderem
660 2876 773 2953 habet
791 2870 1146 2973 Arkermannum,
1173 2876 1390 2953 Dodorem
1410 2893 1448 2957 et
1468 2878 1722 2984 Professorem
1750 2882 1974 2963 medicinae
2035 2883 2037 2886 ’
2089 2936 2096 2943 -

98 3087 103 3101 ,
237 2998 507 3083 Altdorfinum
534 2996 823 3073 celeberrimum
850 2994 1021 3091 mihique
1047 2992 1333 3081 amicissimum,
1372 3018 1488 3094 quem
1512 3019 1595 3071 non
1616 2995 1738 3076 modo
1760 3000 1852 3074 artic
1872 3000 1961 3079 suae

235 3116 522 3249 peritissimum,
549 3114 612 3190 sed
641 3112 756 3189 etiam
784 3110 829 3187 in
852 3113 962 3187 omni
994 3112 1219 3209 antiquitate
1248 3134 1294 3187 ac
1323 3110 1535 3189 litteratura
1564 3110 1854 3193 versatissimum
1875 3118 1960 3205 esse,
2065 3217 2069 3223 ι

234 3238 395 3320 omnes,
423 3234 492 3333 qui
515 3230 562 3307 de
586 3230 645 3303 his
669 3230 802 3307 litteris
824 3228 992 3307 iudicare
1016 3222 1189 3327 possunt,
1217 3228 1285 3304 diu
1302 3241 1448 3304 norunt
1463 3245 1581 3327 atque
1598 3218 1829 3329 praedicarit.
1884 3234 1960 3313 At·

208 3390 213 3398 ·
236 3378 314 3455 que
339 3374 409 3451 ego
431 3352 518 3429 vito
540 3344 752 3423 dos’eislimo
766 3366 858 3419 nou
878 3346 1005 3421 minus
1028 3366 1144 3440 quam
1165 3344 1453 3432 humaniffimo,
1480 3370 1552 3443 qui
1539 3346 1796 3451 rehquarum
1817 3349 1913 3425 de
1877 3376 1959 3429 me

118 3564 124 3573 .
236 3473 336 3553 dicis
341 3468 499 3600 graecis
521 3464 730 3539 teutonum
749 3472 853 3559 geret
876 3481 1030 3542 curam,
1036 3460 1212 3559 gratias
1219 3461 1345 3557 palam
1366 3484 1439 3559 ago
1460 3463 1659 3539 maximat.
1716 3463 1882 3543 Partem
1892 3469 1958 3574 dq-

164 3584 170 3591 ’
233 3590 381 3686 nique,
404 3587 446 3659 in
469 3606 546 3681 qua
562 3582 627 3657 de
636 3580 880 3654 Anacreonte
905 3574 1111 3661 disseritur,
1141 3574 1262 3651 doctis
1274 3579 1439 3652 ornauit
1455 3578 1724 3679 supplementis
1740 3572 1960 3688 Degem'uc
2025 3665 2030 3673 ,

233 3727 367 3787 me,us
393 3703 588 3802 primurn
585 3697 632 3773 de
654 3690 869 3789 Gymnafio
896 3688 1158 3811 Onoldino,
1148 3716 1190 3767 ιιι
1212 3690 1397 3793 praesenti
1415 3693 1464 3771 de
1485 3694 1615 3771 schola
1629 3695 1882 3776 Neosladieusi
1907 3701 1958 3777 ad
2062 3714 2067 3732 ¹

233 3819 425 3899 Aischum
442 3818 586 3915 optime
602 3813 793 3904 meritus:
825 3810 1010 3905 Reliqua,
1038 3805 1135 3905 quae
1152 3810 1285 3886 inhoc
1299 3812 1500 3889 volumine
1514 3812 1772 3899 continentur,
1801 3814 1971 3917 depoe.'
2013 3895 2028 3917 ,-

234 3943 306 4025 tis,
336 3933 592 4036 pbilosophis,
621 3928 805 4005 historicis
822 3942 938 4022 atque
952 3924 1175 4017 oratoribus,
1186 3924 1329 4027 capita,
1354 3942 1543 4025 quantum
1558 3929 1672 4013 mihi,
1698 3930 1741 4003 in
1766 3932 1874 4009 tarito
1898 3958 1959 4009 re·

234 4080 328 4133 rum
347 4053 594 4149 antiquarum
612 4045 717 4146 quast
740 4065 888 4119 oceano
911 4044 1078 4128 natanti,
1113 4064 1293 4116 neccaro
1313 4043 1475 4121 viciffim
1499 4046 1539 4119 in
1554 4060 1654 4121 terra
1671 4046 1795 4121 veluti
1814 4048 1957 4137 deserta

234 4171 408 4250 necdum
424 4166 627 4243 satiaculta
639 4178 780 4240 errautr
791 4156 981 4260 perficere
984 4175 1097 4257 atquc
1118 4158 1301 4257 praestare
1319 4156 1446 4256 licuit,
1474 4159 1550 4261 ipse
1575 4164 1803 4260 pertractant
1824 4180 1861 4239 et
1881 4188 1956 4267 pro

230 4290 362 4373 virili,
386 4286 539 4360 nullum
557 4283 748 4365 laborem,
776 4276 998 4375 nullamque
1019 4274 1232 4353 molestiam
1253 4219 1480 4361 detrectarit,
1506 4276 1665 4356 absolut
1723 4280 1824 4355 Nam
1840 4296 1886 4358 vt
1907 4282 1956 4359 de

229 4427 379 4489 manco
400 4402 631 4478 Fabriciano
653 4396 880 4493 editionum
896 4394 1022 4471 indice
1045 4406 1210 4478 taceam,
1244 4396 1384 4479 multa,
1421 4398 1518 4503 quae
1547 4397 1612 4469 ves
1641 4392 1851 4507 effugerant
1876 4421 1958 4477 me·

229 4526 404 4605 moriam
420 4536 533 4616 atque
548 4514 783 4615 diligentiam
804 4504 1101 4611 praestantissimi
1114 4509 1307 4595 Fabricii,
1327 4511 1392 4586 vel
1413 4510 1496 4609 post
1516 4512 1617 4587 illius
1639 4527 1800 4593 aetatem
1820 4516 1957 4593 inuen-
1967 4510 1971 4517 “

228 4664 291 4730 ιιι,
331 4654 401 4715 aut
422 4637 558 4727 melius
576 4634 789 4747 rectiusque
811 4628 897 4703 sunt
921 4628 1107 4727 exposita,
1152 4622 1310 4706 suerunt
1339 4626 1570 4726 colligenda,
1611 4628 1820 4729 supplenda
1840 4649 1879 4709 et
1898 4636 1958 4712 di·
2082 4619 2085 4626 ⁴

117 4796 130 4805 ·
226 4756 411 4864 gerenda.
467 4751 533 4832 De
548 4736 662 4827 rebus'
674 4762 712 4825 et
728 4745 950 4821 horninibus
965 4744 1183 4841 ho'rumque
1200 4742 1344 4842 scriptis
1359 4758 1473 4842 atque
1490 4744 1761 4844 opinionibus,
1789 4772 1839 4850 ne
1861 4752 1958 4824 ieiu-

223 4902 280 4957 na
294 4873 505 4975 sterilisque
522 4843 887 4981 fieretcompilatio,
914 4860 1110 4939 interdum
1130 4858 1326 4949 iudicari,
1347 4878 1415 4939 aut
1429 4882 1564 4938 meatu
1578 4862 1702 4941 dicere
1724 4840 1958 4955 sententiam,
2064 4937 2068 4945 .

271 5012 457 5138 ruri.
711 5042 806 5061 .--
1146 4974 1202 5107 b·
1292 5024 1296 5028 ν
1638 5018 1642 5023 =
1731 5119 1739 5137 .
1818 5068 1822 5073 ,
1892 4980 1988 5107 (ιι
