4700 5809
263 500 446 523 *-

240 414 447 487 inirem
635 524 639 543 ι
778 371 1167 503 nssutrrosnuvs
1185 421 1409 501 uvnrnuts'
1520 420 1852 542 stannaxtsnr.
1923 422 1984 509 263
2119 368 2138 503 ⁵.

261 608 436 711 diligenter
452 591 835 717 calligapinscsmsiaque
854 622 975 691 Graeca
994 624 1116 719 integra
1131 613 1169 690 ad
1195 604 1321 718 priores
1342 614 1466 716 septem
1484 610 1663 715 tragoedias
1674 608 1868 697 ¹subiumrit,
1890 605 1981 681 cassi·
2073 636 2087 682 5

263 736 337 813 gata
353 734 385 787 et
402 712 479 813 ipsa,
506 738 592 789 etex
610 722 684 794 MS.
702 719 817 794 codice
833 724 975 819 Collegii
994 728 1153 821 Corporis
1177 721 1313 808 Chrilsi,
1345 721 1435 820 quod
1458 722 1685 816 Cantabrigiae
1705 715 1767 798 ess,
1804 719 1883 786 binc
1904 708 1983 783 inde
2111 722 2126 735 ’“
2222 780 2231 788 .

261 818 473 915 locupletata.
528 826 691 915 Praeterea
706 820 892 899 uniuersum
906 823 1096 923 Euripidem
1113 820 1236 897 selesiis
1257 829 1404 897 virorum
1429 821 1608 897 dosiomm
1632 827 1718 893 n'otis
1739 838 1770 893 et
1793 814 1856 890 suis
1874 821 1979 909 anirn-

261 920 510 997 atsuerfionissus
538 920 732 1025 scholiisque
760 926 934 1001 illustrauit.
1000 932 1194 1027 Fragmenta
1217 952 1352 1027 quoque
1374 924 1536 1025 Euripidis
1556 923 1695 1023 collegit
1723 917 1979 1020 diligentissime,
2089 982 2119 1003 ,Ι

262 1050 443 1125 graeceque
458 1044 489 1099 et
504 1027 602 1103 satine
616 1030 760 1103 exhibuit
772 1056 847 1103 cum
867 1035 956 1105 notis
979 1028 1082 1105 versus
1099 1032 1137 1104 ad
1155 1020 1254 1115 2668.
1315 1034 1467 1129 Denique
1491 1027 1653 1127 Epislolas
1675 1022 1822 1123 Euripidi
1846 1024 1978 1111 tributas

261 1154 377 1229 graece
392 1152 423 1201 et
439 1131 537 1205 latine
552 1128 723 1219 subiunxit,
751 1140 983 1234 totique‘open'
997 1137 1086 1213 binas
1110 1132 1472 1219 dissertationensnam
1488 1133 1529 1207 de
1548 1128 1710 1231 Euripidis
1726 1136 1809 1211 vita,
1841 1129 1978 1219 alteram

260 1232 301 1319 'de
315 1230 490 1331 tragoedia,
521 1230 623 1319 scena,
649 1234 803 1335 illiusque
819 1236 976 1337 adparatu
994 1236 1079 1339 apud
1100 1242 1260 1323 Graecos,
1296 1236 1419 1324 musica
1440 1242 1594 1311 theatrica
1614 1255 1646 1307 et
1663 1231 1817 1308 versuum
1839 1235 2000 1329 tragico,

260 1333 660 1440 rumlegibus,praeliirit.
713 1340 878 1440 Euripidis
899 1340 1043 1441 effigies,
1070 1367 1133 1441 qua
1155 1339 1322 1415 Barnesrus
1344 1338 1436 1414 suam
1458 1343 1630 1431 exonrapit
1654 1338 1851 1421 editionem,
1877 1332 1977 1433 pauso
2040 1344 2050 1384 '-

260 1440 321 1515 alia
336 1445 475 1513 cernitur
490 1446 522 1512 in
539 1449 645 1541 prima
659 1440 804 1519 editione
818 1450 1000 1543 imaginum
1016 1444 1121 1517 Fuluii
1141 1442 1264 1530 Vrsini,
1296 1465 1328 1519 et
1352 1444 1436 1543 apud
1457 1446 1628 1517 Albertum
1651 1443 1841 1515 Rubeniutn
1863 1437 1918 1510 lib.
1937 1438 1977 1514 ll.

257 1540 299 1619 de
316 1572 351 1617 re
374 1542 516 1617 vesliaria
537 1570 609 1643 cap.
625 1556 657 1619 6.
680 1534 821 1631 Ephesi.
870 1546 1037 1621 Barnelius
1055 1554 1167 1648 ,vinem
1189 1545 1282 1621 desiit
1304 1550 1454 1621 Cantabr.
1481 1574 1564 1640 ¹7¹²·
1586 1565 1647 1620 aet.
1666 1570 1715 1639 75.
1767 1541 1977 1615 inmanibus
2111 1594 2127 1641 ,¹

258 1649 362 1719 habeo
379 1641 569 1746 exemplum
585 1674 663 1721 cum
675 1656 761 1721 notis
776 1652 955 1740 Steinheilii
970 1649 1206 1750 manuscriptis,
1230 1659 1266 1723 in
1281 1653 1397 1751 quibus
1412 1673 1521 1724 antem
1535 1644 1792 1748 frequentissime
1809 1648 1834 1717 is
1853 1670 1979 1745 prouo-

258 1770 308 1822 cat
323 1751 363 1821 ad
378 1774 482 1831 notas,
508 1747 634 1849 abipso
650 1752 718 1822 asiis
740 1750 910 1853 adscriptas
929 1756 1125 1840 suetos-ibus,
1144 1776 1200 1827 aut
1221 1754 1261 1827 ad
1282 1756 1364 1829 alios
1385 1754 1520 1828 libros-a
1544 1750 1575 1827 se
1595 1768 1698 1827 manu
1717 1772 1876 1825 exaratos.
1924 1751 1977 1820 De

259 1856 354 1929 Bam.
371 1852 513 1927 editione
527 1884 557 1929 v.
572 1858 651 1929 Asia
668 1853 791 1929 Erudit.
809 1858 968 1951 sat.1695.
983 1876 1016 1953 p,
1032 1883 1083 1951 355
1101 1854 1170 1958 sqq.
1195 1860 1244 1928 Le
1258 1859 1348 1933 Clare
1362 1858 1512 1941 Biblioth.
1533 1853 1667 1939 choiste,
1692 1875 1778 1929 tom.
1792 1856 1850 1928 Vs.
1871 1879 1903 1951 p.
1922 1875 1983 1947 241¹
2085 1918 2089 1939 ‚

257 1954 329 2057 sqq.
356 1956 471 2031 Hodie
485 1964 593 2030 minus
609 1958 749 2057 benigne
765 1960 904 2033 iudicant
918 1959 1037 2034 eruditi
1050 1962 1090 2033 de
1107 1959 1245 2034 Baruesri
1260 1986 1360 2061 opera
1372 1980 1404 2033 et
1416 1967 1487 2037 iure
1500 1958 1603 2036 multa
1621 1960 1655 2033 in
1674 1958 1733 2030 isla
1746 1955 1892 2031 editione
1909 1953 1977 2028 cul·

257 2082 346 2161 pant.
363 2089 391 2134 v.
411 2059 550 2134 iudicem
566 2059 856 2160 locupletissimum
870 2072 1080 2163 maximeque
1093 2061 1267 2145 idoneum,
1295 2064 1340 2139 V
1334 2064 1449 2137 alelen.
1464 2073 1497 2137 in
1513 2058 1615 2165 praes.
1637 2059 1678 2135 ad
1697 2064 1774 2137 bar.
1794 2052 1978 2133 Phoenissae

257 2188 288 2260 p.
302 2168 391 2237 Vlll.
407 2188 504 2265 atque
520 2168 666 2237 Reislius
681 2170 715 2235 in
730 2164 931 2243 Animaduu.
947 2166 989 2241 ad
1004 2166 1196 2269 Euripidam
1213 2164 1308 2272 saepe
1320 2173 1481 2271 increpuit
1494 2162 1696 2263 Bersellum,
1718 2180 1781 2241 nec
1792 2159 1978 2265 fragmenta
2111 2176 2116 2182 ’
2191 2160 2195 2168 ’

254 2265 326 2343 satis
342 2266 511 2367 diligenter
524 2266 663 2347 cellesis
675 2266 758 2343 sunt.

470 2426 479 2455 s

90 2521 93 2527 Ι
230 2498 234 2503 .
356 2415 516 2525 Εὖριπιδε
533 2415 729 2527 anppslef
743 2418 872 2525 ramim
885 2419 1333 2524 Assslls.oinocaroecpoirm
1349 2415 1409 2521 vtes
1424 2414 1594 2525 ἕπιςολαῖ.
1620 2416 1682 2495 rios
1698 2388 2004 2519 magmenta

224 2566 228 2572 ·
257 2530 361 2621 ripide
376 2532 470 2599 intere
482 2530 523 2598 X
522 2527 590 2600 rX.
609 2530 803 2599 Franmrmti
815 2532 854 2599 cd
872 2529 1034 2625 Epistole,
1060 2556 1157 2627 greco
1174 2535 1332 2603 eitasiam
1353 2536 1387 2625 in
1406 2528 1504 2625 varst,
1528 2526 1687 2622 illtpsrati
1705 2526 1740 2596 di
1755 2523 1976 2598 Annotuzioni

258 2634 292 2702 ul
309 2629 402 2727 Tasta
417 2634 514 2729 'greco
529 2633 569 2701 ed
586 2623 649 2703 alst
673 2632 890 2707 Traduzionr.
924 2634 1034 2727 Opera
1055 2636 1108 2706 dai
1127 2636 1166 2713 P.
1190 2634 1349 2723 Carmeli,
1373 2632 1578 2708 Arradrmieo
1597 2633 1631 2703 ni
1656 2630 1806 2703 Panna.
1859 2630 1899 2719 su
1920 2628 1977 2697 Pa·
2003 2717 2006 2724 ι

240 2728 242 2735 ’
259 2722 347 2809 ddua
362 2758 438 2825 1743
457 2749 515 2791 -’
529 2759 615 2828 1753.
631 2735 699 2809 ΧΧ.
720 2733 799 2807 vols.
818 2740 897 2810 mai.
913 2750 947 2821 8.
1048 2800 1056 2815 ,

324 2936 328 2943 -
359 2892 468 2961 Notae
482 2883 557 2961 sunt
572 2894 690 2988 partim
706 2889 803 2961 satine
819 2894 939 2987 partim
959 2888 1066 2963 italice
1085 2886 1235 2989 scriptae,
1262 2916 1324 2963 nec
1344 2864 1567 2965 satisfecerunt
1589 2884 1793 2968 eruditomm
1815 2874 1976 2977 exspesla·

257 2995 352 3071 sioni.
376 2994 512 3090 Pqitoni
526 2990 568 3066 de
582 2990 783 3065 versionibus
798 2995 921 3084 italicis,
946 3014 1030 3067 tom.
1048 2991 1092 3065 ll.¹
1112 3024 1143 3069 v.
1164 2993 1319 3095 Euripide
1337 2993 1447 3067 laudat
1463 2992 1598 3093 quidem
1618 3018 1756 3091 operam
1769 2985 1927 3078 camilli,
1943 3003 1977 3053 at
1995 3055 1999 3063 ,
2048 3060 2052 3070 ,

257 3097 405 3170 Reiskius
423 3100 456 3167 in
482 3101 571 3167 rimis
588 3100 621 3167 in
638 3098 727 3184 Adsis
750 3094 875 3169 Erudit.
899 3113 1034 3189 a.1748.
1057 3124 1089 3193 p.
1112 3120 1170 3187 534
1190 3094 1259 3197 sqq.
1289 3124 1362 3171 acre
1383 3097 1424 3171 de
1441 3097 1498 3170 illa
1523 3096 1596 3169 tulit
1617 3093 1792 3168 iudicium:
1817 3084 1974 3163 Carmelo

258 3225 392 3301 qnoque
408 3192 439 3270 se
451 3124 646 3272 defendente
662 3200 916 3298 euulganteque:
943 3202 1012 3271 Pro
1029 3200 1186 3291 Euripide
1202 3216 1233 3272 et
1248 3188 1331 3271 nouo
1346 3205 1413 3278 eius
1429 3202 1536 3272 italico
1554 3204 1729 3294 interprete
1746 3194 1817 3292 diff.
1834 3192 1876 3266 P.
1895 3192 1974 3265 Car·
2046 3228 2051 3240 ¹

258 3308 340 3385 meli,
362 3306 394 3373 S.
409 3306 481 3376 tlh.
503 3306 544 3373 l).
560 3308 639 3375 etin
655 3301 837 3393 Gymnasro
853 3306 967 3389 satan.
989 3300 1079 3401 publ.
1104 3298 1194 3377 not.
1216 3306 1340 3376 Patauii
1359 3324 1448 3393 1750.
1472 3316 1506 3385 8.
1530 3304 1653 3373 Reisle
1675 3306 1708 3371 in
1730 3302 1803 3385 A&
1823 3290 1923 3367 Erud.
1943 3317 1972 3363 a.
1996 3374 1999 3382 1

245 3401 335 3499 ἶ7ςῐ.
351 3432 383 3505 p.
399 3413 459 3495 614
477 3402 547 3507 sqq.
566 3412 680 3479 acriter
697 3398 875 3507 respondit.
893 3404 965 3484 side
981 3404 1040 3482 ces.
1053 3407 1143 3478 Brcs.
1159 3406 1184 3479 l.
1199 3435 1246 3481 m.
1259 3427 1295 3480 et
1308 3410 1409 3499 uitam
1421 3406 1544 3478 Reiskii
1556 3405 1595 3477 ab
1610 3410 1677 3478 eius
1693 3407 1835 3509 coniuge
1852 3394 1973 3470 editam
2062 3425 2067 3432 ·

254 3538 331 3612 9³8·
353 3534 394 3602 5¹·

356 3648 489 3718 Nouam
507 3649 716 3716 concinnauit
732 3642 955 3721 recenfionem
969 3648 1053 3725 Sam.
1068 3648 1264 3742 Magiam,
1290 3638 1362 3717 vsus
1381 3640 1481 3717 codd.
1501 3637 1599 3717 Paris.
1614 3641 1850 3723 cottoniano,
1876 3634 1973 3706 nste-

256 3750 369 3836 vianis,
395 3743 586 3830 Harleiano,
611 3768 643 3819 et
657 3740 834 3820 collatione
848 3746 922 3821 cod.
937 3746 1085 3823 Floreut.
1103 3774 1186 3851 quae
1199 3744 1334 3820 subsidia
1353 3746 1427 3847 poss
1449 3741 1686 3847 praefationem
1710 3735 1891 3815 enumerat.
1942 3739 1973 3807 se
2121 3759 2145 3782 ¹·

255 3874 380 3954 praeter
392 3880 430 3924 ea
451 3843 615 3923 consuluit
635 3871 728 3923 notas
750 3846 936 3932 editomm,
968 3878 1112 3952 quorum
1133 3850 1286 3949 exempla
1306 3850 1464 3936 ¹contulit,
1489 3870 1521 3925 et
1538 3848 1683 3933 aliorum
1703 3847 1929 3948 interpretum,
1953 3866 1973 3914 e
2000 3880 2003 3883 ⁴
2041 3929 2044 3934 ¹

256 3960 371 4059 quibus
386 3952 473 4029 etde
488 3956 677 4028 conieslura
694 3942 885 4029 mutraloca
906 3954 1096 4028 emcndauit
1109 3962 1143 4041 in
1156 3954 1301 4029 editione
1315 3950 1585 4054 splendidissima:
1724 4016 1728 4023 .
2132 3957 2137 3966 “

314 4074 324 4091 0
559 4060 572 4085 N

344 4100 510 4215 Eripmsde
526 4103 577 4186 roi
595 4104 787 4207 σωζὸμενωτ
814 4110 992 4204 Euripidis,
1018 4134 1097 4207 quae
1112 4100 1237 4203 esistunt
1251 4112 1365 4179 omnia.
1421 4108 1621 4206 Tragoedias
1622 4104 1813 4205 superstites
1824 4099 1870 4173 ed
1871 4094 1973 4192 fidem
2023 4103 2027 4113 ”

117 4224 121 4235 ’
236 4208 333 4293 ‘vein
350 4220 420 4287 edd.
435 4216 632 4307 rusticumque
648 4217 745 4287 MSS.
761 4239 828 4284 cunr
845 4216 992 4294 aliorum,
1015 4230 1084 4287 tam
1093 4218 1266 4305 praetium
1284 4212 1360 4285 titt.
1375 4236 1445 4308 reg.
1462 4212 1576 4311 Paris.
1590 4208 1757 4305 recensuit,
1777 4208 1974 4303 fragmenta
2002 4227 2008 4249 ³

255 4317 496 4419 tragoediarum
511 4316 745 4409 deperditarum
759 4316 895 4413 collegit,
926 4320 1035 4387 varias
1052 4316 1397 4415 liiiionts‘inſsgniorer
1411 4330 1565 4412 notasque
1575 4310 1901 4409 perpetuarsubierit,
1924 4308 1971 4372 in.

255 4428 509 4521 terpretntionem
528 4421 765 4515 husitandam
776 4420 1375 4515 prosatifflmarsessionesrrformauit
1391 4418 1735 4513 SamuelMusgruue,
1760 4416 1811 4487 M.
1834 4410 1883 4484 D.
1908 4408 1980 4499 Ac:

254 4531 369 4602 redunt
376 4528 501 4623 scholia
513 4548 571 4618 gr.
590 4526 740 4598 tir-Vll.
754 4525 1052 4629 priormsstrcgcrd.
1078 4545 1117 4593 ex
1139 4526 1268 4617 optimis
1288 4534 1319 4593 ct
1333 4522 1572 4619 inrepletiffimis
1589 4523 1658 4593 edd.
1677 4518 1797 4615 recqfis.
1846 4514 1972 4585 Osouii

230 4674 240 4751 q
255 4650 345 4725 1778.
361 4636 419 4706 tv.
432 4627 512 4703 vols.
526 4648 559 4717 4.
573 4633 652 4701 mai.
666 4710 677 4729 .
744 4685 751 4695 .

359 4764 529 4859 Voltirnen
550 4765 604 4853 lV.
626 4778 879 4880 comprehendit
893 4726 1225 4860 versionem'latinam
1241 4794 1273 4848 et
1288 4772 1422 4851 scholia.
1461 4751 1560 4858 cons.
1578 4777 1745 4874 ephemer.
1765 4771 1860 4875 litter.
1887 4772 1971 4842 Got-

176 4922 178 4925 ·
257 4884 395 4990 tingens.
412 4886 629 4984 supplement.
644 4883 687 4984 ps.
702 4908 751 4973 41.
767 4914 795 4957 a.
812 4904 903 4976 1779.
922 4888 1114 4982 cumprimis
1129 4880 1188 4954 ces.
1205 4882 1314 4970 Bersii,
1324 4878 1490 4955 censuram
1503 4890 1538 4954 in
1551 4872 1755 4953 Bibliotheca
1765 4874 1883 4979 philos.
1900 4870 1967 4945 vol.

259 4998 285 5075 1.
293 4989 387 5095 ⁶Lips.
403 5014 494 5091 1779.
509 5018 541 5091 p.
558 4995 603 5067 66
616 4984 687 5093 sqq.
711 5026 764 5081 ις
788 4986 1017 5089 Baruefiauum
1030 4984 1224 5133 exernpsum
1236 4982 1387 5091 recusem
1399 4984 1458 5078 cll,
1480 4981 1537 5065 sed
1554 4976 1971 5159 ira‚vtiuduobu1sipqlbqu
2071 5015 2074 5022 =

643 5263 647 5271 ’
704 5264 725 5312 N
