4700 5809
1984 242 1989 249 .
2126 252 2135 288 Ι
2163 226 2167 238 “

336 510 345 526 ,
400 458 443 549 a
537 428 842 534 ‘caracara
1017 504 1022 511 .
1090 446 1398 525 ,ennomus
1533 536 1545 542 ,
1928 388 2148 543 Q
2260 421 2268 427 ’
2332 463 2338 561 !

402 644 759 749 Porphyrioet'eidem
773 636 956 724 Iamblicho
968 640 1068 717 tribus
1081 644 1116 715 in
1129 638 1212 713 locis
1227 638 1294 711 hoc
1318 628 1434 711 diserte
1455 632 1603 713 tradenti.
1621 620 1662 731 'll
1714 636 1843 713 Verum
1863 638 1946 711 haec
1967 631 2138 709 sententia-

221 756 227 766 *
275 762 277 767 ’
402 766 474 831 non
487 744 649 826 maiorem
656 745 804 827 ‘fortaffia
820 744 920 823 iidem
942 765 1107 830 meretur,
1131 769 1234 845 quam
1255 767 1396 827 eorum,
1422 768 1507 842 quos
1522 739 1712 817 Aristoteles
1728 742 1803 817 La.
1820 746 1874 814 11.
1888 739 2020 843 Politia.
2040 760 2066 811 c.
2083 760 2127 808 zo.

402 861 447 931 ait
459 886 477 930 a
490 876 682 957 temporum
696 860 822 929 ratione
839 847 965 946 refelli,
988 878 1066 923 curn
1080 848 1289 935 affirmarunt
1306 850 1564 920 Onomacritum
1588 847 1737 947 primum
1758 840 1907 919 exstitiffe
1929 840 2125 944 scriptorem

390 958 520 1059 'legum
539 964 719 1039 eximium,
744 962 801 1059 qui
815 950 847 1029 se
860 960 1040 1031 exercuerit
1064 960 1099 1026 in
1117 980 1158 1029 eo
1179 948 1287 1027 studio
1309 956 1343 1023 in
1363 953 1482 1041 Creta,
1503 977 1582 1027 cum
1595 948 1726 1025 Locrm
1746 946 1844 1037 effet,
1863 948 2070 1023 illucentem
2091 938 2126 1017 se

405 1060 644 1137 consututesob
666 1083 771 1136 artem
791 1057 980 1145 diuinandi:
1007 1064 1167 1159 huiusque
1190 1051 1284 1139 {inille
1304 1049 1452 1129 sodalem
1474 1056 1675 1138 Thaletem,
1705 1048 1912 1149 (Cretensem
1934 1079 2006 1127 non
2025 1049 2125 1149 Mile·
2143 1115 2159 1125 .
2218 1112 2225 1123 ,

295 1172 314 1246 ,’
404 1164 513 1263 hum>
522 1168 672 1244 Thaletis
686 1186 797 1241 autem
810 1161 997 1261 auditorem
1017 1168 1211 1263 Lycurgum
1236 1180 1268 1233 et
1288 1158 1484 1245 Zaleucum,
1506 1158 1638 1233 Zaleuci
1661 1156 1891 1233 Charondam.

410 1416 412 1419 ,
505 1342 563 1413 vt.
599 1344 701 1440 Leges
729 1340 803 1415 tulit
832 1334 1044 1417 Charondae,
1084 1332 1161 1409 teste
1190 1331 1310 1408 eodem
1338 1329 1530 1419 Arillotele,
1559 1325 1622 1406 suis
1651 1334 1776 1406 ciuibus
1802 1334 1974 1407 Catenaeis
1994 1348 2027 1402 et
2053 1328 2124 1403 aliis

406 1441 602 1518 Chalcidicis
633 1446 812 1517 ciuitatibus
841 1442 952 1515 ltaliae
980 1461 1076 1541 atque
1107 1437 1245 1513 Siciliae.
1319 1440 1362 1507 Et
1390 1434 1478 1536 apud
1506 1440 1687 1527 Catanaeos
1718 1433 1852 1537 quidem
1875 1441 1962 1509 ciues
1981 1428 2057 1530 suos
2078 1429 2126 1505 di·

406 1552 488 1622 vinis
515 1550 695 1621 honoribus
718 1566 892 1647 propterea
919 1548 1120 1631 mediatum,
1150 1538 1285 1643 perinde
1305 1559 1340 1611 at
1369 1538 1457 1639 apud
1484 1544 1608 1615 Locros
1633 1539 1815 1615 Zaleucum
1847 1560 1880 1613 et
1912 1541 2128 1617 'limantem
2267 1556 2272 1567 '

406 1644 507 1725 refert
542 1650 740 1723 lamblichus
770 1652 808 1721 da
833 1654 902 1721 vita
925 1649 1135 1747 Pythagorae
1162 1671 1190 1734 c.
1204 1670 1255 1739 3⁰·
1284 1641 1375 1743 quod
1398 1670 1442 1717 ex
1477 1666 1599 1717 numo
1617 1642 1791 1728 Catanenfi
1822 1670 1956 1744 quoque
1989 1639 2129 1715 demon·

406 1754 507 1830 llrare
525 1755 631 1829 voluit
653 1750 802 1855 Raphael
814 1754 993 1847 Trichems
1018 1750 1063 1824 du
1084 1743 1202 1825 Fresne
1230 1755 1263 1820 in
1289 1746 1436 1841 Epistola
1459 1748 1505 1817 ad
1522 1750 1660 1821 Petram
1680 1750 1853 1845 Sagarinum
1876 1745 1985 1844 Paris.
2002 1750 2080 1835 1658.
2096 1757 2128 1823 ὅ.

402 1880 440 1935 et
465 1856 506 1933 ad
535 1858 661 1933 calcem
687 1862 820 1954 Seguini
848 1856 1073 1953 numismatum
1094 1880 1133 1949 p.
1158 1869 1219 1942 189.
1232 1852 1306 1947 seq.
1328 1851 1439 1946 Paris.
1464 1854 1538 1941 1665.
1564 1878 1602 1941 4.
1623 1869 1666 1925 et
1682 1853 1775 1927 Tota.
1797 1853 1849 1928 X.
1877 1850 2130 1945 Antiquitatum

305 2041 310 2059 ¹
407 1962 606 2054 Graecarum
642 1962 704 2040 lac.
724 1965 886 2035 Gronouii
921 1984 960 2051 p.
979 1964 1044 2048 569.
1059 1958 1132 2055 seq.
1166 1953 1313 2059 effigiem
1349 1960 1440 2027 enim
1472 1957 1625 2029 cornibus
1658 1953 1815 2031 decoram
1848 1960 1884 2029 in
1918 1980 2025 2028 numo
2065 1951 2127 2026 illo

407 2063 621 2141 Charondam
632 2060 757 2143 referre
774 2060 1000 2138 contendebat.
1051 2059 1113 2134 Sed
1127 2058 1259 2136 illussria
1275 2064 1335 2130 Vir
1348 2062 1444 2131 Eas
1469 2062 1690 2133 anhemiurde
1703 2060 1745 2133 V
1732 2060 1779 2157 su
1790 2073 1823 2131 at
1836 2058 2041 2157 Praestantia
2057 2056 2130 2127 Na·
2225 2125 2231 2137 ,

296 2154 304 2165 ’
405 2170 587 2269 miseratum
603 2168 691 2268 Diffi
706 2168 753 2243 V.
768 2194 808 2264 p.
815 2190 884 2259 570.
905 2171 1015 2266 potius
1037 2156 1186 2239 Silenum
1207 2160 1265 2234 illa
1287 2167 1427 2264 exprimi
1441 2087 1556 2245 ibunt,
1579 2159 1745 2250 feliciore,
1770 2169 1805 2238 ni
1823 2158 1944 2249 fallor,
1963 2163 2131 2239 coniedlu·

407 2301 454 2353 ra.
472 2272 522 2369 ¹²)
572 2270 781 2349 Chalcidicae
800 2296 879 2345 vero
903 2272 1066 2365 ciuitates,
1098 2270 1216 2369 quibua
1235 2266 1325 2366 leges
1347 2264 1563 2340 Charondam
1585 2264 1690 2349 tulitle
1710 2265 1898 2342 Aristoteles
1918 2266 2079 2351 affirmat,
2111 2292 2133 2338 a

308 2416 312 2427 ·
333 2462 340 2477 .
367 2383 373 2397 '
408 2374 557 2472 Scymno
572 2378 661 2451 Chio
675 2376 726 2449 X.
743 2375 877 2472 zotfiq.
892 2380 928 2446 in
943 2372 1049 2447 Sicilia
1064 2378 1280 2445 nominantur
1300 2390 1426 2469 praeter
1440 2374 1601 2445 Catanam
1617 2371 1808 2473 Callipolis,
1828 2371 1988 2461 'Euboea
2013 2370 2131 2441 Hime-

407 2486 464 2569 ra',
489 2484 662 2567 Leontini,
686 2478 823 2575 Mylae,
847 2476 977 2565 Naxos,
1004 2478 1142 2551 Zancle:
1168 2474 1310 2548 inltalia
1326 2478 1506 2575 Rhegium.
1562 2474 1792 2549 Theudoricus
1813 2500 1945 2576 quoque
1964 2474 2040 2545 Lib.
2055 2472 2129 2545 IX.

407 2588 446 2658 da
464 2586 579 2659 Curat.
593 2586 708 2658 Gracc.
726 2580 847 2679 Affali.
856 2606 893 2675 p.
910 2607 974 2670 124.
995 2570 1196 2654 Charondae
1223 2583 1377 2650 meminit
1396 2583 1497 2679 primi
1523 2579 1635 2651 ltaliae
1663 2600 1695 2651 et
1715 2580 1843 2653 Siciliae
1866 2576 2072 2677 legislatoris.
2087 2576 2129 2663 ¹³)

409 2680 694 2787 thheginenses
711 2682 909 2761 Charondae
922 2683 1049 2782 legibus
1063 2678 1136 2756 usos
1150 2682 1281 2758 testatur
1298 2680 1489 2755 Heraclides
1510 2686 1548 2753 da
1562 2684 1715 2777 Potitia,
1739 2703 1772 2757 ee
1793 2682 1946 2757 helianus
1967 2683 2042 2755 Lib.
2057 2679 2130 2751 III.
2228 2693 2233 2699 ’

407 2815 434 2865 a.
450 2814 491 2877 17.
508 2790 549 2865 V
546 2814 596 2863 ar.
612 2788 700 2887 Hss.
716 2794 758 2887 ¹⁴)
784 2792 986 2891 Porphyrius
999 2814 1079 2862 vero
1087 2813 1128 2883 p.
1143 2812 1189 2877 ¹4
1213 2806 1245 2890 et
1264 2785 1340 2887 post
1359 2812 1439 2860 eum
1457 2786 1655 2862 lamblichus
1671 2811 1696 2861 c.
1712 2808 1742 2873 7.
1766 2785 1805 2858 da
1824 2791 1892 2859 uita
1909 2785 2150 2959 Pythpgoraa,

468 2910 476 2920 ’
1395 2928 1402 2938 ·
1933 2914 1997 2992 pro
2020 2900 2140 2960 aturut'

407 3080 552 3146 Marfilius
565 3081 682 3145 Fieinus
698 3090 884 3165 argumento
898 3084 931 3145 in
947 3081 1084 3147 Minoem
1093 3078 1246 3153 Platonis,
1340 3087 1385 3152 η)
1408 3080 1501 3163 Raph.
1514 3080 1653 3143 Trieheci
1668 3079 1708 3143 ‹tu
1726 3076 1831 3145 Fresne
1845 3076 1984 3165 Epistaia
2002 3075 2039 3143 de
2055 3074 2134 3143 caa-

376 3178 437 3231 'et
457 3166 575 3229 Coelius
599 3168 781 3248 Rhodiginus
810 3166 942 3246 XVIII.
964 3188 1012 3250 19.
1032 3164 1142 3249 Antiq.
1164 3162 1245 3230 Leti.
1295 3166 1543 3252 rondaeeffigie‚
1565 3168 1599 3229 ie
1613 3166 1773 3252 Catontnfi
1788 3185 1880 3227 tamo
1895 3160 2051 3249 expreffa,
2072 3183 2131 3247 qna
2182 3219 2186 3227 .

407 3258 506 3329 notati
516 3274 533 3315 a
545 3256 646 3317 Vossio
660 3256 697 3319 da
712 3252 808 3317 Seteia
822 3252 1029 3337 Philosophum
1047 3272 1070 3315 a.
1086 3252 1114 3314 6.
1139 3252 1172 3337 55.
1190 3270 1244 3333 27.
1296 3250 1332 3311 de
1346 3254 1402 3312 hoc
1416 3250 1514 3330 legum
1529 3250 1624 3314 latore
1640 3252 1795 3333 diligenter
1807 3255 1922 3328 agitur,
1943 3256 1974 3312 in
1994 3272 2130 3333 compen·

402 3350 436 3402 'et
464 3344 507 3401 lo.
524 3341 620 3403 Ionsto
648 3345 679 3403 in
704 3334 811 3425 diff-I.
835 3339 873 3403 de
894 3338 1019 3423 historia
1035 3338 1246 3421 Peripatetico
1296 3337 1379 3397 dium
1393 3339 1526 3413 redacta,
1545 3337 1831 3422 nonaqueillustrata
1847 3351 1996 3420 comparet
2011 3341 2040 3398 in
2055 3342 2130 3397 Petr.
2214 3364 2218 3369 ·

405 3440 438 3507 p.
448 3444 499 3505 33.
514 3443 574 3509 quo
587 3430 618 3488 ln
632 3422 699 3488 loco
718 3423 872 3501 obiecerat,
894 3428 1071 3488 charontem
1094 3426 1245 3501 Carthagi·
1296 3428 1398 3485 Zomii
1419 3420 1567 3487 Bitttott.
1586 3422 1695 3507 Anttq.
1717 3432 1748 3486 tt
1769 3422 1870 3505 Extg.
1887 3424 2013 3487 Tom.I.
2034 3424 2070 3485 P.
2087 3421 2132 3487 II.

407 3510 536 3574 triensem
554 3514 743 3586 biberimus,
776 3512 881 3574 Susidae
904 3528 934 3572 et
953 3511 1016 3572 aliia
1037 3525 1244 3583 memoratum,
1293 3528 1325 3590 ρ.
1334 3530 1401 3590 ¹⁰5·
1401 3509 1486 3593 seqq.
1502 3508 1686 3571 Charondam
1701 3510 1739 3571 ad
1753 3507 1918 3593 exemplum
1932 3510 2020 3573 Mofis
2035 3513 2129 3570 inve-

311 3652 324 3659 ..
408 3596 485 3659 male
507 3596 666 3681 aliquando
691 3594 832 3661 conflandi
858 3618 924 3659 cum
946 3596 1111 3659 Charonda.
1146 3594 1244 3657 ,effi-
1295 3573 1376 3657 nilis
1392 3592 1488 3654 numia
1503 3608 1657 3657 cornutum
1672 3594 1808 3680 conspici,
1829 3594 1936 3657 adserit
1951 3600 2039 3657 etiam
2054 3598 2130 3657 Petr.

407 3687 468 3773 pies
483 3686 655 3746 Charondae
674 3681 751 3769 apud
764 3688 952 3745 Gronouium
968 3684 1052 3747 Tam.
1069 3677 1246 3766 Hmaes.
1296 3684 1369 3741 Dan.
1385 3684 1510 3741 Huetius
1525 3678 1837 3767 Demonstr..Eua'ng.
1853 3680 1981 3829 Proptp
1995 3680 2053 3745 IV·
2067 3701 2091 3744 c.
2100 3699 2132 3743 2.
2167 3713 2173 3723 ·

408 3786 495 3833 ttccc.
1243 3794 1247 3799 ·
1295 3766 1328 3851 1.
1340 3786 1383 3827 rr.
1401 3770 1433 3828 in
1447 3780 1539 3827 aetate
1553 3764 1631 3828 illius
1644 3772 1710 3829 cum
1727 3766 1791 3831 aliis
1806 3773 1935 3845 grauiter
1960 3766 2052 3852 apsus.
2074 3766 2132 3830 Sed
2181 3769 2184 3777 “

452 3863 490 3933 ιι)
512 3854 685 3917 Charondae
699 3868 776 3917 aetas
790 3852 858 3915 lieet
871 3858 999 3927 incerta,
1021 3854 1124 3937 primia
1145 3864 1244 3929 tamen
1296 3854 1398 3915 Erech.
1411 3854 1578 3937 Spanhemii
1593 3852 1630 3917 eie
1643 3854 1760 3939 Pratfl.
1773 3863 1803 3917 et
1820 3853 1883 3938 Vsu
1892 3848 2130 3939 NumtsmArtt.

257 3937 265 3947 ’
380 3942 534 4007 -Catunae
548 3942 682 4002 conditam
695 3941 876 4025 temporibus
891 3939 991 4025 paullo
1024 3943 1129 4023 ropior
1148 3958 1184 3999 ex
1205 3959 1241 3998 eo
1295 3936 1372 4022 Diffi
1392 3940 1468 4003 Vll.
1494 3939 1577 4001 Tem.
1592 3940 1619 4003 I.
1636 3960 1667 4022 p.
1682 3941 1758 4021 400}
1773 3937 1981 4016 coniecturam,
2002 3938 2130 4017 effigiem

319 4106 322 4115 Ι
407 4027 473 4091 tatia
489 4041 554 4090 tuto
569 4025 733 4104 colligitur,
755 4026 875 4110 quodie
891 3963 1110 4098 cumZalenco,
1132 4029 1242 4086 Locro·
1294 4024 1347 4087 illo
1367 4046 1459 4085 numo
1479 4022 1637 4109 exprell'am
1656 4024 1785 4088 Silenum
1827 4026 2033 4111 otius,'quam
2053 4027 2129 4087 Cha-

407 4128 473 4175 tum
486 4110 710 4192 legumlatore,
732 4132 749 4173 a
765 4112 913 4173 veteribus
934 4110 1108 4197 plenamque
1121 4115 1243 4173 coniun·
1295 4110 1429 4184 rondam,
1450 4109 1571 4185 referre,
1593 4134 1669 4196 quae
1682 4118 1774 4191 magis
1788 4050 1881 4196 placet
1895 4115 2039 4187 Fabricio,
2060 4134 2129 4196 pro·

405 4204 501 4280 gitur,
522 4219 629 4281 quem,
652 4212 683 4258 vt
696 4196 783 4282 supra
796 4196 908 4260 dicium
921 4202 977 4273 est,
999 4202 1075 4260 etna
1091 4195 1243 4280 Olympia·
1295 4196 1471 4259 habiliorem
1479 4195 1577 4268 ‚censet
1592 4204 1681 4260 etiam
1696 4203 1865 4261 Perizonius
1878 4200 1915 4261 ad
1926 4198 2049 4271 Aeliae.
2065 4195 2130 4265 Lab.
2252 4210 2259 4228 '

405 4286 472 4346 aem
485 4288 590 4347 XXIX.
611 4281 757 4357 floruisse,
776 4284 813 4345 ad
834 4303 932 4346 rerum
954 4284 1041 4345 fldem
1058 4282 1243 4369 exploratum
1294 4284 1356 4347 III.
1376 4282 1412 4347 V.
1428 4284 1470 4346 H.
1486 4302 1509 4344 c.
1524 4301 1572 4365 17.
1586 4305 1673 4368 quem
1686 4302 1783 4347 tamen
1796 4284 1883 4346 valde
1901 4292 1996 4347 miror
2015 4283 2130 4362 vulgari

404 4372 555 4434 habemns.
606 4374 744 4433 Catinam
767 4384 880 4443 summ,
914 4371 1087 4433 Charondae
1106 4375 1244 4453 patriam,
1276 4390 1397 4431 -errore
1410 4368 1562 4452 deceptum
1577 4372 1710 4445 statuere,
1734 4370 1920 4433 Charondam
1933 4393 2029 4434 nouae
2042 4374 2130 4432 Thu·

404 4460 472 4543 poli¹
487 4455 671 4541 Olympiadis
690 4452 768 4519 Xlll.
789 4476 898 4517 annum
922 4463 1050 4541 primum
1079 4455 1244 4541 primordia
1294 4460 1408 4517 riorum
1423 4459 1549 4516 cicutatis
1562 4456 1671 4519 fa‘bbum
1687 4455 1772 4519 fuine
1781 4442 1879 4519 ciuem
1894 4474 1924 4521 ct
1944 4456 2041 4538 legum
2055 4456 2130 4519 lato·
2210 4518 2212 4521 ,
2336 4509 2337 4526 ,

403 4541 554 4618 babuitl'e,
573 4539 870 4613 'eThucydideLt'h-
889 4544 1026 4623 V1.c.¹3.
1042 4558 1129 4627 patet.
1165 4546 1242 4603 Con·
1293 4558 1541 4605 remittent.
1731 4588 1735 4593 .

403 4630 450 4693 ter
477 4634 626 4701 Heyninns
653 4626 690 4691 da
705 4628 858 4709 Sybari&
881 4634 920 4693 a't
944 4626 1088 4694 Titurior.
1113 4627 1186 4710 Rtp.
1211 4634 1242 4691 et
1339 4638 1379 4700 ¹3)
1402 4630 1466 4689 Hoc
1481 4626 1669 4689 Theodoreti
1685 4631 1882 4691 testimonium
1898 4629 2127 4713 nullin‘sponde-
2182 4668 2187 4673 —

403 4716 503 4799 Ltgg.
525 4712 602 4779 θεῶ.
618 4712 688 4779 III.
716 4716 824 4797 Opust·
848 4713 948 4781 Acad·
977 4714 1043 4780 Vol.
1057 4715 1102 4778 II.
1122 4734 1154 4794 p.
1172 4732 1239 4796 159.
1289 4718 1331 4778 ria
1351 4712 1426 4788 effe,
1455 4714 1535 4775 recle
1555 4714 1704 4775 contendit
1724 4720 1857 4785 Heynius
1879 4718 1916 4780 de
1935 4716 2075 4799 Sybarit.
2090 4737 2129 4781 ac

395 4802 461 4889 seq.
512 4803 689 4869 charontem
710 4801 976 4880 Carthaginiensem
998 4824 1064 4863 eum
1084 4801 1240 4865 Charoma
1293 4798 1437 4875 Thurior.
1451 4800 1524 4881 Rep.
1546 4804 1576 4862 et
1596 4798 1696 4884 Lagg.
1718 4800 1795 4868 Sea.
1808 4802 1873 4869 ΙΙΙ.
1904 4800 2128 4887 Opasc.Acad.

362 4889 365 4897 '
404 4892 550 4953 Catenaeo
576 4886 762 4965 anonnullir
783 4888 859 4949 male
880 4888 1038 4963 confundi,
1072 4888 1241 4949 obseremuit
1294 4880 1361 4951 Vot.
1377 4888 1424 4952 II.
1444 4906 1477 4968 p.
1494 4886 1561 4948 160.
1585 4886 1742 4950 'arcam
2244 4928 2254 4937 -

401 4974 564 5038 latentius
577 4972 704 5039 Lintt.
718 4970 877 5057 dtScrt'pt.
890 4974 1058 5064 HiflaPitt't.
1072 4994 1096 5039 t.
1111 4992 1144 5057 7·
1159 4973 1193 5056 ,a
1206 4979 1240 5055 4.
1306 4982 1312 4996 '
1336 4982 1382 5045 14)
1403 4974 1565 5063 lihcginam
1588 4978 1737 5035 ciuitatem
1757 4972 1870 5052 legibus
1897 4970 2032 5039 formatis
2052 4977 2127 5037 Cha·

403 5076 557 5127 nectar.
707 5104 721 5125 e
1218 5073 1221 5078 ·
1290 5058 1416 5136 condas,
1437 5080 1462 5123 a.
1475 5064 1625 5124 &tenacia
1645 5056 1821 5125 inexsriium
1841 5063 1962 5141 eiedlus,
1982 5060 2056 5125 falso
2069 5078 2127 5124 tra·
2336 5081 2337 5142 t

2047 5148 2127 5213 ditur
2245 5207 2248 5211 .
2336 5161 2337 5186 l
