4700 5809
171 503 182 543 ,
764 448 827 521 or
853 432 1147 523 rorrtounus
1173 395 1396 524 sensurus
1483 445 1556 521 cn.
1573 448 1667 519 rra.
1683 444 1841 519 rrrrr.
1920 449 1977 561 ,φ
2047 396 2052 402 ’
2116 402 2123 407 ’

242 647 350 707 menta
362 638 395 704 its
410 648 514 706 omres
529 632 815 733 siiussrripfsrits
841 648 870 707 rt
884 636 1021 711 urornsrs
1033 661 1170 739 gnonsps
1183 652 1213 710 rt
1226 638 1451 735 philosogisum
1466 636 1615 709 nonnisi!
1632 637 1809 733 interserit,
1821 634 1889 729 ,ssd
1901 633 1973 729 fiss-
2023 622 2027 628 ’

163 762 166 765 ·
232 740 558 835 sss-pottsesninimr
573 741 666 837 uidit,
691 766 787 837 quum
803 742 896 813 stium
913 744 1036 813 isesiiri
1049 744 1160 839 uersus
1175 744 1258 839 leges
1278 747 1452 841 ignorsrit.
1517 744 1655 813 Dimseri
1671 767 1709 813 ac
1725 734 1865 813 Ramessi
1892 732 2012 809 iudi-⁴

239 846 328 915 ciuus
340 844 498 913 Fabricius
516 840 681 917 adtulerat.

340 998 474 1070 Nouam
497 994 680 1069 editionum
694 976 825 1067 classem
841 992 934 1069 duxit
947 997 1107 1069 Cantetur
1116 1022 1153 1083 t„

344 1122 502 1233 Etipmidn
529 1170 579 1185 -·
606 1170 654 1185 --
684 1132 856 1223 Euripidis
877 1132 1187 1229 tragordianIX.
1211 1137 1245 1202 in
1268 1126 1384 1229 quidus
1400 1147 1534 1230 praeter
1553 1133 1677 1227 infinita
1698 1133 1809 1203 mentia
1827 1117 1968 1221 sublata,

239 1228 574 1305 surminuusosnnirrm
590 1239 675 1305 ratio
693 1235 841 1310 sturmis
856 1240 1008 1331 ignoratn
1022 1261 1102 1305 nunt
1110 1241 1254 1329 primum
1266 1238 1444 1332 proditur:
1468 1261 1565 1332 opero
1584 1240 1616 1309 G
1620 1239 1663 1314 ul.
1684 1238 1821 1317 Conseri,
1848 1234 1890 1305 V
1887 1234 1969 1303 stru·
2002 1312 2014 1325 ἱ

238 1338 355 1431 iriiini,
367 1364 486 1434 gruere.
497 1336 719 1435 Arstsrsrpicss,
743 1364 783 1409 rx
794 1338 912 1433 officina
925 1338 1101 1435 Cirristopir.
1111 1340 1274 1431 Plautini,
1287 1340 1683 1439 rrgiiprotrtppogrppiri.
1699 1343 1752 1412 M.
1765 1342 1811 1411 D.
1823 1338 1965 1408 LXXI.

238 1444 324 1533 (1571.
340 1450 401 1539 rs.)
545 1438 561 1479 ’·

230 1652 236 1659 ,
280 1582 301 1673 J
337 1584 496 1651 Cantetur
513 1578 600 1659 vitia,
626 1576 710 1672 quae
726 1576 895 1677 Oporinos
909 1596 964 1648 aut
979 1596 1103 1649 veteres
1122 1579 1314 1651 inuexcrant
1328 1576 1468 1663 librarii,
1500 1577 1646 1676 plurima
1669 1578 1877 1676 expurgauit,
1903 1579 1965 1675 pri·

237 1707 377 1779 musque
396 1675 500 1753 uersus
519 1685 550 1749 in
565 1682 704 1751 cltoricis
718 1674 777 1749 suis
794 1680 920 1775 illigare
935 1678 1081 1751 modulis
1098 1678 1272 1779 adgressus,
1299 1682 1444 1755 multum
1460 1676 1536 1755 saue
1554 1680 1727 1780 praellitit,
1756 1676 1906 1755 Valcken.
1931 1682 1965 1749 iu

235 1782 338 1882 praes.
357 1784 397 1857 ad
412 1790 490 1855 Eur.
508 1787 632 1855 Plsoen.
651 1808 681 1877 p.
698 1784 768 1853 Vll.
786 1786 873 1854 teile
886 1780 1056 1855 iudicante.
1109 1790 1217 1883 Atque
1236 1781 1301 1882 ipse
1322 1790 1480 1857 Canterus
1494 1790 1528 1854 in
1546 1784 1745 1882 praefatione
1761 1779 1894 1880 copiose
1914 1808 1998 1853 teu
2066 1861 2070 1871 ⁵
2168 1792 2177 1811 ¹

236 1883 351 1977 censet,
374 1914 457 1989 quae
471 1883 536 1959 siue
554 1891 673 1983 ingenii
697 1880 919 1957 suibeneficio
935 1908 965 1957 er
980 1882 1198 1970 familiaritate
1212 1914 1289 1960 cum
1312 1886 1470 1989 Euripide¹
1491 1894 1656 1964 contracta
1680 1884 1801 1975 fultus,
1834 1884 1960 1966 stuciis

234 1991 371 2089 adiutos,
398 2018 480 2089 qnae
500 1992 604 2061 Henr.
629 1991 809 2085 Stephanus
830 2014 870 2061 ex
889 1994 1027 2087 antiquis
1049 1988 1215 2061 codicibus
1236 1996 1270 2062 in
1295 2010 1419 2089 partem
1442 2009 1558 2089 poetae
1580 1991 1799 2093 posteriorem
1819 1988 1960 2061 contulit
2053 2023 2071 2065 ,-

233 2116 288 2168 aut
302 2100 351 2169 lo.
370 2092 533 2167 Brodaeus
549 2094 579 2162 in
599 2118 671 2163 eam
685 2090 868 2174 adnotauit,
897 2097 929 2161 in
950 2094 1154 2191 corrigendis
1176 2124 1214 2167 ac
1234 2093 1436 2173 reslituendis
1458 2094 1634 2194 tragoediis
1655 2092 1854 2192 praestiterit.
1904 2095 1958 2165 Ex
1980 2098 1986 2107 “
2036 2147 2044 2155 -

232 2194 295 2271 suis
308 2203 414 2273 Nouis
433 2196 625 2269 lectionibus
643 2198 770 2291 repetiit
783 2214 879 2293 caput
894 2200 951 2269 lV.
965 2193 1020 2267 lib.
1037 2202 1076 2269 V.
1111 2204 1149 2269 lu
1165 2196 1231 2269 fine
1245 2196 1361 2269 adiecit
1375 2199 1488 2271 breues
1503 2220 1596 2272 notas
1613 2197 1735 2276 criticas
1752 2218 1785 2275 et
1798 2192 1959 2296 insignio·

233 2323 350 2377 serant
369 2332 386 2375 a
403 2303 545 2374 Stobaeo
562 2304 669 2472 citatass
684 2297 846 2399 Euripidis
864 2292 1035 2371 sententias
1056 2326 1171 2401 graece
1189 2321 1221 2375 et
1244 2300 1350 2376 latinis
1374 2298 1515 2376 versibus
1533 2300 1685 2378 redditas.
1737 2296 1835 2376 Adde
1849 2300 1959 2373 Dinis
2017 2312 2048 2397 f

232 2406 312 2493 Bibl.
328 2405 504 2481 Garelliau.
518 2430 550 2504 p.
565 2420 628 2493 487
659 2429 690 2501 q.
1457 2418 1460 2421 '
1490 2438 1496 2444 ·
1544 2398 1551 2412 ⁸
1719 2417 1725 2433 '
1899 2413 1904 2429 '

332 2558 506 2653 Euripidis
527 2532 721 2653 ,trngordias
739 2554 847 2626 XIX.
877 2556 988 2647 scseffit
1015 2578 1056 2625 ru
1077 2578 1098 2623 'r
1119 2578 1225 2626 rrcstss
1242 2556 1423 2655 vigesimae,
1456 2562 1506 2630 cisi
1530 2560 1647 2633 Derras
1664 2582 1785 2640 nomen,
1808 2560 1959 2631 initium:

233 2667 336 2737 omnin
346 2688 460 2759 grasse
471 2676 501 2730 tt
515 2664 624 2732 latins.
640 2662 797 2732 Aemilius
806 2660 933 2729 Portus
949 2662 1082 2755 intinpm
1097 2662 1389 2754 interpretationem
1404 2668 1547 2745 torrescit
1560 2676 1591 2733 rt
1605 2662 1779 2755 expoiiuit;
1805 2659 1955 2731 astutus

175 2818 178 2825 ,
222 2770 304 2865 sunt
315 2768 538 2862 prolegomena
551 2766 588 2851 its
607 2762 797 2855 Euripidem
820 2776 852 2865 cp
873 2776 967 2836 notae
991 2762 1080 2871 (iuis.
1105 2761 1244 2835 Crateri.
1306 2759 1553 2868 Heidelbergae.
1583 2768 1724 2839 Hieron.
1746 2762 1954 2837 Commelin.
2013 2842 2017 2848 ,
2071 2764 2080 2781 ⁸

229 2895 322 2969 1597.
340 2875 378 2947 ll.
394 2867 477 2944 voll.
495 2880 527 2949 8.

331 3010 565 3106 Fragmentum
589 3002 717 3075 Danaes
743 2996 889 3071 additum
910 2996 955 3073 ell
981 3026 1020 3073 ex
1042 2997 1172 3073 vetustis
1196 2996 1411 3077 bibliothecae
1433 3002 1593 3090 Palatinae
1612 2993 1843 3078 membranis‘
1877 3001 1953 3071 To·
2043 3040 2049 3049 ·

231 3116 291 3181 tius
305 3109 467 3208 Euripidis
483 3108 618 3181 latinam
636 3100 821 3173 versionem
835 3130 853 3175 a
867 3098 899 3176 se
915 3098 976 3178 esse
993 3100 1190 3188 confessam,
1218 3107 1391 3202 profitetur
1405 3112 1520 3181 Portus
1536 3113 1569 3178 iu
1592 3104 1727 3203 epillola
1747 3123 1951 3202 nuncupato·

230 3220 276 3287 ria
291 3214 329 3285 ad
350 3216 473 3311 Georg.
500 3210 627 3282 Ludou.
650 3208 688 3277 ab
706 3208 842 3277 Huuen.
896 3204 1027 3279 Aemilii
1051 3228 1160 3280 autem
1185 3211 1271 3280 Porti
1294 3206 1392 3283 norae
1416 3238 1488 3284 nou
1508 3208 1685 3286 adhaerent
1706 3214 1782 3282 huic
1803 3208 1950 3293 editioni,

155 3333 159 3341 '
229 3343 262 3391 st
278 3313 438 3395 Fabricius
453 3300 572 3412 aliiqne
585 3306 794 3409 scripserunt,
821 3304 875 3381 sed
885 3305 1058 3409 separatim
1073 3308 1176 3382 editae
1188 3304 1279 3384 sunt:

327 3470 460 3545 Aemilii
474 3471 580 3547 Porti,
604 3464 766 3559 Francisri
786 3466 894 3547 Porti,
920 3464 1076 3559 Crsttnpir
1090 3466 1135 3536 F.
1148 3467 1363 3568 drsurstrotar
1375 3466 1410 3536 in
1431 3488 1534 3537 omnes
1558 3464 1731 3559 Euripidis
1751 3461 1948 3566 tragoedias,
2062 3467 2065 3473 '

229 3602 307 3675 pune
323 3581 409 3675 typis
426 3578 594 3644 mandator
607 3573 826 3663 reperiuntur,
851 3570 886 3637 iss
910 3568 1004 3638 iurem
1029 3592 1111 3639 nnus
1127 3571 1268 3659 primum
1280 3570 1474 3660 proiecturis
1486 3583 1517 3641 st
1535 3570 1729 3661 Nobilrffimo
1754 3610 1807 3622 —
1829 3566 1949 3635 'Ioanni
2068 3647 2069 3652 ἵ

227 3686 358 3753 Pacotio
372 3675 531 3749 dedicatur
553 3715 605 3736 «—
633 3672 692 3743 At.
717 3672 766 3741 Ρ.’
782 3698 822 3741 rx
842 3670 960 3765 officim
983 3670 1196 3745 commestam
1217 3674 1349 3743 sIsIsIs.
1374 3675 1488 3769 (¹599)
1509 3688 1538 3752 8.
1570 3672 1742 3747 Dedicatio
1765 3666 1882 3771 scripta
1903 3665 1948 3741 cll

227 3779 465 3881 Heidelbergae
480 3773 513 3851 d.
526 3802 550 3851 r.
570 3780 657 3874 Sept.
672 3786 762 3869 1598.

328 3940 368 4010 ln
383 3920 471 4007 calce
485 3928 608 4005 libellis
636 3931 688 4000 M.
706 3928 766 4000 As.
788 3928 827 3999 Ρ.
843 3929 905 4001 Fr.
924 3930 963 4001 P.
982 3929 1041 4004 Cr.
1058 3927 1096 4006 Ε
1117 3932 1152 3998 in
1170 3926 1363 4021 Euripidem
1385 3940 1537 4003 notarum
1549 3928 1644 4025 finis.
1696 3925 1947 4005 obseruationes
2053 3995 2057 4013 ,

224 4039 297 4116 sunt
312 4044 564 4141 grammaticae:
598 4030 762 4105 interdum
785 4034 902 4103 Portus
923 4036 1058 4131 corrigit
1082 4053 1231 4119 textum3
1263 4030 1427 4105 interdum
1447 4031 1559 4106 firmat
1578 4037 1709 4107 Canteri
1729 4028 1946 4132 suspicionem
1979 4028 1985 4033 ’

197 4188 204 4197 ·
225 4147 390 4221 interdum
405 4148 461 4216 has
480 4142 605 4221 reiicits
620 4134 666 4208 ¹de
683 4132 825 4209 dialertis
841 4140 963 4233 graecis
979 4136 1101 4228 multus
1115 4134 1170 4209 ell.
1223 4132 1388 4207 liarnellus
1404 4140 1438 4207 in
1453 4132 1508 4210 sua
1521 4136 1664 4211 editione
1677 4142 1756 4211 ltine
1771 4136 1847 4209 iude
1869 4138 1946 4207 Por·
2054 4146 2057 4152 “

225 4274 261 4325 to
275 4248 367 4347 saepe
381 4243 457 4327 facit
474 4246 637 4327 iniuriam,
662 4260 694 4312 et
709 4261 817 4311 tamen
831 4235 958 4338 surripit
973 4246 1002 4324 ei
1020 4238 1186 4312 interdum
1199 4238 1376 4320 terriones,
1404 4236 1597 4314 obseruante
1629 4250 1701 4312 viro
1721 4242 1872 4341 quodam
1887 4236 1946 4308 do·
1990 4236 1996 4244 ’

192 4430 194 4435 ,
224 4359 294 4441 uo,
320 4362 371 4425 in:
399 4349 539 4447 All'gem.
554 4350 726 4419 Litteratur
739 4348 890 4439 'Leitong
917 4366 1082 4435 an.1790,
1101 4370 1134 4415 n.
1154 4368 1206 4433 po.
1226 4340 1418 4439 Intelligeuz
1432 4342 1526 4417 Blatt.
1554 4350 1629 4415 ‘Ex
1645 4346 1695 4415 his
1709 4352 1796 4418 notis
1814 4349 1848 4415 in
1869 4340 1943 4419 edic

224 4458 442 4531 ilrubachiana
457 4470 528 4525 orta
544 4450 589 4524 est
603 4448 811 4544 interpolatio
828 4448 860 4517 in
883 4446 1085 4543 Supplicibos
1111 4450 1190 4518 Eur.
1210 4444 1282 4544 poll
1306 4440 1431 4516 versum
1450 4457 1519 4539 253.
1543 4446 1720 4520 adnotame
1743 4448 1943 4539 Musgrrssio
2002 4432 2016 4456 ’

222 4569 257 4634 in
273 4564 426 4633 Exercitt.
445 4561 476 4627 in
495 4552 683 4651 Euripidem
697 4550 750 4623 lib.
771 4552 794 4621 l.
808 4576 879 4647 cap.
898 4574 950 4621 ao.
979 4558 1043 4622 dut
1060 4552 1167 4647 potius
1185 4549 1231 4619 illl
1247 4544 1396 4620 verficuli
1410 4576 1448 4621 ex
1462 4546 1943 4637 versioneMelanchtltoniana‚

124 4695 126 4699 ’
223 4672 339 4766 (quant
355 4684 427 4736 ante
441 4658 636 4752 15balucem
651 4649 841 4751 adspexisse,
860 4646 944 4724 infra
959 4655 990 4721 in
1005 4648 1193 4725 recensione
1209 4648 1397 4723 versionum
1412 4651 1588 4724 latinarum
1602 4652 1800 4746 videbimus)
1832 4672 1943 4722 ortum
2194 4642 2200 4647 ⁸

168 4764 174 4777 ¹
224 4786 401 4843 traxerunt.
428 4758 695 4835 vidilinrilntsd
713 4756 807 4830 ad-v.
834 4760 903 4841 263.
928 4756 1072 4853 Supplic.
1096 4754 1218 4851 mulp
1248 4762 1297 4828 61.
1324 4754 1456 4843 editis.
1508 4760 1677 4854 Quoiam
1697 4752 1942 4849 veroerempla
1991 4746 2013 4811 ί

224 4870 382 4945 editarum
397 4866 526 4939 illarum
542 4884 694 4936 notarum
713 4856 875 4961 interdum
892 4855 1030 4961 adligata
1045 4854 1118 4959 sunt
1133 4858 1372 4957 exemplaribus
1389 4855 1464 4931 edit.
1479 4862 1558 4933 Eun·
1575 4852 1720 4955 a.'r597.
1750 4858 1826 4932 inde
1848 4883 1942 4932 error

223 4978 356 5053 Fabricii
371 4972 579 5071 aliorumque
593 4962 689 5040 facile
705 4959 808 5036 enasci
824 4968 943 5063 potuit.

1163 5116 1221 5188 Kk
1234 5138 1280 5245 μ3.
1345 5082 1353 5089 ⁴
1763 5107 1944 5221 sEsipsrside
2127 5106 2134 5115 Δ
